2978 4916
790 505 949 609 (eoo)

365 725 367 730 Ι
395 651 491 714 xtltl.
513 651 671 712 Edmondo
688 647 778 711 Ortlz
792 653 826 711 de
842 651 959 713 iberra
974 647 1096 711 decessit
1109 670 1156 712 an.
1174 651 1265 724 1699,
1287 650 1385 712 aetatis

359 751 676 834 6l‚pcolessionisdil‚
691 750 901 832 regiminisdl.
1303 783 1306 790 v

396 856 492 916 XLIV.
514 855 618 927 Morio
638 854 699 916 Van
719 855 878 927 Coo'erson,
902 850 1110 923 Bruxeliensis,
1134 851 1207 914 obiit
1231 856 1265 914 71
1291 853 1385 919 martii

357 957 445 1016 ttae.

395 1061 478 1120 XLV.
501 1059 633 1148 Eugenia
654 1057 768 1118 l'onder
782 1055 875 1126 Nate,
891 1074 924 1116 ex
943 1054 1104 1150 praenobili
1120 1053 1228 1118 familia
1249 1057 1385 1119 comitum

355 1159 443 1254 hujus
461 1152 602 1229 unitricis,
619 1157 737 1236 eligitur
753 1161 789 1219 ld
808 1156 877 1218 febr.
896 1159 987 1228 ttae,
1005 1154 1197 1219 confirmatur
1212 1156 1248 1219 ab
1262 1161 1385 1241 lmpera-
1480 1171 1481 1196 ³

352 1273 416 1322 tore
430 1281 478 1321 scu
495 1258 586 1340 ipsius
600 1257 718 1319 nomine
734 1262 770 1319 18
785 1257 855 1319 lebr.
871 1257 999 1338 ejrrsdcm
1018 1257 1103 1330 anni,
1125 1258 1155 1319 in
1176 1260 1384 1341 possessionem
1480 1285 1481 1304 1

354 1361 503 1424 inducitur
515 1363 534 1421 1
551 1359 649 1420 martii
665 1380 714 1442 per
728 1358 860 1420 abbatem
872 1361 902 1421 S.
916 1358 1054 1420 Bernardi
1065 1359 1100 1420 ad
1114 1360 1276 1432 Sobaldim,
1293 1383 1326 1423 ae
1341 1362 1386 1423 de

354 1463 434 1524 mum
452 1461 633 1523 benedicitur
647 1464 686 1522 ⁶22
701 1459 800 1543 aprilis
816 1481 866 1544 per
882 1459 1015 1521 eumdem
1031 1459 1172 1522 abbatem.
1188 1460 1269 1524 Obiit
1284 1465 1325 1525 20
1338 1459 1386 1524 no·

354 1562 482 1626 vembris
496 1583 542 1624 an.
556 1565 633 1625 1767
644 1610 651 1632 ,
663 1562 766 1623 aetatis
777 1547 846 1623 suae
860 1563 908 1622 78.

396 1667 491 1727 xtvt.
517 1665 624 1728 Ursule
638 1659 1385 1746 Willems,obiitllmaiian.'l'ldil,aetatissuae29.

394 1765 502 1828 XLVll.
524 1767 699 1831 Norbertlno
725 1767 820 1834 Lints,
847 1763 1047 1836 lovaniensis,
1070 1784 1103 1825 ex
1126 1764 1303 1826 novitiarum
1328 1785 1386 1830 mn-

354 1869 445 1950 gistra
456 1879 484 1928 et
494 1865 685 1948 suppriorissa
695 1867 725 1926 iu
737 1865 910 1926 abbatissam
921 1866 1025 1938 electa,
1037 1853 1110 1926 obiit
1120 1868 1159 1928 50
1170 1867 1286 1948 augusti
1298 1869 1386 1938 1796,

357 1968 442 2053 paulo
464 1979 532 2050 aute
554 1966 724 2032 ¹monasterii
748 1966 995 2048 suppressionem,
1019 1987 1117 2028 mense
1138 1951 1217 2028 enim
1239 1967 1386 2029 novembri

356 2071 484 2154 ejusdem
501 2069 568 2131 anni
588 2088 603 2129 a
625 2067 714 2130 Gallis
731 2067 885 2150 spoliatum
904 2080 933 2150 et
948 2068 1107 2140 extinctum
1128 2066 1193 2129 luit.
1215 2063 1385 2140 Ecclesiam,

355 2190 428 2256 quiae
449 2171 580 2233 funditus
600 2189 697 2231 eversa
719 2169 790 2241 luit,
815 2169 959 2232 ornabant
982 2168 1096 2231 tabulae
1116 2169 1330 2251 pulcherrimae
1353 2168 1386 2230 ab

355 2274 464 2355 insigni
477 2273 588 2355 pictore
600 2273 706 2354 Crayer
716 2271 854 2353 depictae.
868 2271 986 2353 Reliqua
999 2270 1166 2331 monasterii
1178 2271 1311 2332 aedilicia
1324 2291 1385 2332 cnm

245 2361 248 2368 ²
356 2373 446 2435 iundo
470 2371 520 2433 vili
546 2371 691 2432 divendita
717 2373 826 2453 pretio,
850 2384 882 2433 ut
906 2383 968 2432 tum
994 2370 1119 2442 solebat,
1144 2371 1266 2454 privatis
1292 2371 1386 2434 usibus

357 2474 470 2536 addicta
483 2472 611 2546 iderunt,
626 2472 767 2556 hodieque
782 2472 898 2556 praedio
914 2471 1022 2535 rustico
1034 2472 1131 2535 locum
1146 2473 1263 2536 cedunt.

781 2761 800 2812 “-
830 2771 852 2844 a.
876 2769 920 2828 tv.

604 2949 727 3012 amaea
742 2949 772 3012 S.
788 2949 943 3014 Michaelis
955 2947 1180 3028 Antooptan..
1257 2993 1261 3000 .

399 3088 692 3174 praemonstratensis
711 3109 782 3171 illud
806 3109 917 3172 ordinis
933 3108 1141 3174 monasterium
1159 3121 1245 3172 antea
1267 3109 1324 3172 tuit
1342 3131 1386 3172 ec-

351 3211 443 3275 clesia
467 3211 618 3292 collegiata
636 3209 787 3273 duodecim
811 3211 1016 3273 canonicorum
1039 3230 1105 3273 cum
1127 3211 1309 3294 praeposito,
1326 3210 1384 3296 qui,

358 3297 686 3393 grassanteTauc'helini
705 3313 830 3390 haeresi,
845 3315 880 3375 ad
901 3313 975 3376 hanc
991 3313 1201 3397 profligandam
1220 3315 1249 3386 8,.
1265 3315 1385 3384 Norber

358 3429 420 3477 tum
431 3415 630 3500 appellarunt,
642 3415 725 3496 eique
735 3435 816 3476 snam
828 3414 977 3478 ecclesiam
991 3436 1057 3477 cum
1068 3427 1192 3504 quatuor
1205 3415 1383 3498 praebendis,

356 3528 503 3578 aunuente
521 3516 684 3577 Burcbnrdo
703 3502 837 3598 episcopo
851 3515 1066 3588 cameracensi,
1085 3516 1271 3586 obtulerunt,
1287 3517 1338 3598 ipsi
1350 3515 1383 3579 ad
1480 3517 1481 3524 ’

357 3637 511 3678 numerum
528 3617 708 3678 octonarium
725 3629 837 3698 praeter
852 3617 1046 3699 praepositum
1063 3617 1185 3696 iedacti‚
1198 3617 1234 3678 ad
1249 3618 1383 3708 capellam
1480 3663 1481 3666 η

358 3720 386 3780 82
408 3718 514 3782 Mariae
533 3721 572 3778 ad
595 3718 725 3806 stipitem
741 3731 887 3790 vocatam,
903 3739 989 3804 quam
1004 3719 1033 3779 in
1051 3719 1220 3803 ampliorem
1239 3718 1383 3790 ecclesiam
1480 3749 1481 3766 1

358 3819 627 3902 exaedificaveruutg
654 3820 879 3900 commigrantes
893 3805 919 3883 ’ζ
942 3809 1067 3903 liujusce
1094 3819 1260 3894 donationis
1280 3821 1383 3884 instru-

392 4011 402 4042 ¹
419 4009 470 4062 Vid.
483 4025 568 4076 supra,
580 4026 620 4076 pp.
636 4012 681 4060 138
690 4019 714 4060 et
727 4009 782 4062 111.
