2990 4918
803 483 954 588 (irc)

363 621 432 695 bus.
447 636 476 687 st
487 635 598 686 armato
612 623 703 688 utilite
717 625 824 711 ubique
835 647 885 710 per·
896 627 1050 690 dioecesim
1061 626 1183 700 diduso,
1195 627 1294 691 ricerii
1306 648 1393 710 gene-

363 727 436 788 rales
450 727 656 790 instructiones
670 729 839 801 ediderunt,
862 729 967 814 quibus
980 729 1145 812 pastoribus
1164 742 1193 792 et
1210 730 1393 794 confessariis

362 828 518 910 ampliores
541 829 693 892 facultates
713 831 926 903 conceduntur,
948 844 980 893 ut
1003 837 1133 914 tempore
1158 832 1225 896 belli
1249 833 1394 914 spirituali

362 929 492 994 fidelium
508 932 672 994 necessitati
687 931 800 993 facilius
814 932 1007 1013 provideatur.
1022 969 1062 981 —
1077 935 1159 996 Edit.
1169 935 1220 1014 fol.
1237 937 1256 995 8
1269 937 1353 997 irs-8⁹.

362 1055 365 1062 ·
403 1035 442 1093 25
455 1035 578 1112 &cosdem
592 1038 704 1094 mensis.
723 1019 882 1095 Austriacis
897 1048 925 1095 et
940 1034 1042 1115 buglis
1057 1037 1244 1118 Antverpiam
1260 1037 1395 1098 demaen-

362 1131 456 1206 tibus,
468 1132 543 1194 Galli
555 1134 631 1194 circa
643 1153 791 1216 uesperam
806 1135 952 1196 civitatem
969 1135 1091 1215 ingrcssi
1106 1147 1188 1207 sunt,
1202 1147 1231 1196 et
1245 1138 1395 1218 copiarum

363 1232 525 1314 praefectus
543 1234 577 1295 ad
595 1235 679 1296 aedes
698 1235 874 1317 episcopales
892 1234 1019 1297 divertit.
1038 1237 1182 1298 Postridie
1194 1237 1295 1298 vicarii
1307 1257 1396 1316 gene-

364 1333 437 1395 rsles
452 1333 632 1396 Werbrouck
646 1347 675 1396 et
688 1336 724 1396 de
737 1336 834 1407 Vries,
850 1355 866 1396 a
881 1335 1009 1417 capitulo
1023 1335 1169 1417 deputati,
1184 1336 1273 1398 duces
1287 1336 1397 1419 priuci-

363 1434 486 1517 palioros
501 1436 649 1509 adierunt,
664 1457 725 1498 sese
738 1450 889 1520 totumque
903 1436 1012 1498 clerurn
1027 1435 1263 1498 commendantes
1277 1437 1395 1500 illorum

364 1537 546 1618 protectioni.
572 1538 615 1598 llli
639 1538 753 1619 quidem
776 1538 971 1619 promiserunt
995 1557 1026 1599 se
1050 1555 1149 1620 pacem
1170 1535 1315 1620 publicam
1344 1557 1397 1621 pro

364 1636 474 1700 viribus
485 1651 699 1719 procuraturos,
714 1659 806 1720 neque
818 1658 951 1720 passuros
963 1658 1100 1719 umquam
1112 1637 1236 1699 liberum
1248 1637 1398 1718 roligionis

363 1735 531 1801 exercitium
549 1761 599 1822 per
612 1761 785 1822 quemquam
800 1759 921 1802 suorum
936 1739 1080 1821 impediri.

405 1845 444 1906 25
457 1831 580 1921 ejusduft
599 1847 712 1905 utensis.
728 1842 900 1924 Respublica
915 1843 1061 1905 Gallicana
1076 1843 1149 1924 petit
1162 1862 1177 1904 a
1192 1842 1308 1904 ciuitate
1324 1846 1397 1904 Ant·

364 1942 508 2024 verpiensi
521 1942 766 2005 contributionum
780 1943 878 2004 decem
894 1943 1058 2005 millionuna
1071 1944 1100 2005 in
1113 1956 1263 2006 numerata
1274 1943 1397 2026 pecunia

365 2043 530 2106 solvendam
553 2065 569 2108 a
590 2046 667 2107 clero
686 2066 775 2128 acque
794 2065 827 2107 ac
841 2066 857 2106 a
872 2046 992 2107 civibus.
1007 2046 1139 2107 Vicarius
1154 2045 1297 2126 generalis
1313 2048 1398 2108 Wer-

365 2145 476 2208 brouck
493 2147 523 2208 in
545 2146 664 2209 aedibus
682 2148 742 2210 suis
761 2147 949 2227 congregarit
965 2165 1080 2208 omnem
1099 2146 1209 2209 clerum
1230 2159 1291 2210 tatu
1309 2167 1397 2227 regu·

364 2248 453 2310 larem
468 2267 553 2330 quam
569 2249 762 2318 saecularem,
778 2249 846 2309 item
867 2249 1029 2330 superiores
1045 2249 1215 2312 monialium
1231 2267 1396 2309 sensarum

364 2351 536 2425 directores,
556 2365 642 2434 atque
660 2373 693 2414 cx
715 2353 750 2412 iis
771 2353 917 2413 commissi
938 2350 1057 2413 fuerunt
1074 2363 1140 2412 octo
1159 2351 1207 2434 qui
1226 2348 1312 2412 simul
1331 2370 1396 2412 cum

365 2453 535 2533 magistratu
552 2453 587 2515 de
601 2453 654 2514 bac
666 2475 696 2514 ro
711 2452 913 2514 deliberarent.
927 2487 968 2496 --
980 2453 1052 2513 Actu
1066 2457 1149 2530 episc.
1164 2453 1215 2530 fol.
1231 2471 1258 2512 u.
1276 2455 1324 2513 Π.

406 2559 424 2616 2
449 2561 573 2635 cupiisti.
599 2554 640 2616 ud
662 2555 827 2616 solvendam
853 2553 1098 2616 contributionem
1123 2554 1223 2616 vicarii
1249 2553 1399 2634 generales
1493 2539 1494 2610 Ϊ

366 2655 531 2718 facultatem
552 2656 682 2718 fecerunt
697 2655 825 2717 ecclesiis
839 2654 983 2717 alienandi
1002 2668 1031 2716 et
1045 2655 1224 2716 distrahendi
1243 2668 1398 2736 argentum
1493 2637 1494 2648 ἵ

365 2757 456 2822 cultui
471 2755 570 2822 divine
582 2757 722 2822 hactonus
736 2756 930 2825 destinatum.
948 2756 1024 2818 rosis
1045 2755 1135 2818 sacris
1149 2756 1290 2837 exeeptis,
1310 2754 1400 2818 illud:

366 2879 422 2940 que
432 2857 655 2923 transfundendi
666 2859 696 2922 iu
708 2858 850 2923 acroriuur
862 2877 1026 2920 commuue.
1038 2857 1162 2920 Undeex
1172 2856 1297 2917 civitatis
1307 2857 1399 2917 eccle-

365 2959 416 3020 siis
440 2972 618 3039 asportatum
646 2959 700 3020 fuit
724 2970 878 3036 argentum
906 2957 1031 3017 multum
1058 2957 1161 3028 uimis;
1186 2977 1287 3018 ornnes
1309 2958 1397 3018 etiam

365 3059 462 3121 clerici
484 3072 512 3120 et
529 3058 605 3120 eires
625 3057 760 3120 utensilia
781 3079 814 3119 cr
835 3057 956 3138 argento
975 3058 1104 3120 confecto
1125 3059 1265 3140 singulari
1286 3062 1348 3120 zelo
1369 3060 1398 3119 in
1491 3073 1493 3144 p

364 3161 506 3222 serarium
520 3160 717 3222 contulerunt.
732 3195 772 3208 «-
783 3162 857 3221 Ictu.
872 3160 923 3238 (bf.
938 3180 965 3220 o.
983 3159 1030 3221 tt.
1490 3221 1492 3248 r

407 3268 424 3322 7
449 3265 573 3341 quadem
598 3266 713 3322 mensis.
742 3261 874 3322 Vicarius
897 3259 1042 3340 generalis
1067 3263 1170 3321 Petrus
1195 3260 1311 3321 Simons
1337 3262 1396 3321 Van
1491 3253 1492 3260 '

368 3369 468 3447 Eupeu
487 3387 538 3448 per
552 3385 641 3426 unum
657 3386 673 3425 e
687 3364 826 3435 concilio,
848 3362 925 3444 quod
945 3364 1054 3426 Gemite
1067 3367 1107 3424 du
1120 3366 1196 3424 solut
1208 3366 1304 3440 public
1318 3362 1398 3426 dice-

368 3468 468 3537 botur,
488 3466 623 3548 quodque
642 3466 735 3548 pridie
749 3466 917 3528 institutum
933 3465 1166 3537 fuerat,armata
1181 3483 1267 3526 manu
1281 3484 1298 3524 e
1310 3463 1398 3525 domo

369 3589 419 3630 sua
444 3569 592 3630 traductus
615 3567 671 3630 fuit
689 3568 718 3629 iu
741 3587 883 3628 carcerom
904 3564 990 3647 q'ucnr
1010 3567 1097 3646 vulgo
1114 3567 1169 3628 Hct
1185 3567 1267 3629 Stcen
1284 3578 1398 3629 vocant.

320 3711 322 3716 .
370 3674 524 3752 Postquam
535 3670 576 3732 ibi
587 3689 653 3732 oum
666 3681 747 3751 patre
760 3668 879 3730 Peltiers
893 3667 1004 3732 ordinis
1016 3669 1044 3730 S.
1058 3668 1215 3740 Dominici,
1230 3667 1399 3750 duobusque
1489 3697 1491 3722 ι

366 3771 481 3834 civibus
501 3792 551 3854 per
569 3771 679 3853 aliquot
696 3770 757 3831 dies
777 3768 912 3830 detentos
932 3767 1041 3838 fuerat,
1055 3769 1199 3830 deductus
1216 3780 1260 3830 est
1276 3788 1342 3829 eum
1364 3766 1398 3828 iis

369 3874 480 3937 insulas
492 3874 682 3936 Flandrorum
693 3885 722 3935 ct
733 3872 837 3934 deinde
847 3872 883 3936 ad
897 3872 1064 3934 interiorem
1074 3870 1214 3944 Galliam,
1228 3882 1323 3932 aretae
1333 3890 1399 3936 cus·

370 3975 656 4058 todiaemancipatus
670 3985 699 4035 ct
712 3973 799 4034 sortis
811 3992 879 4034 sune
894 3973 1021 4050 ignarus.
