2990 4918
550 474 699 574 (aaa)

149 609 211 672 XX.
233 611 359 673 loannes
372 610 557 691 Ruperiuade
573 613 684 682 Tussis,
700 622 785 674 uatus
800 610 970 675 Mechliniae
982 633 1030 676 an.
1046 617 1136 687 1515,

108 716 132 776 J.
145 715 180 776 U.
192 717 235 786 D„
244 715 642 797 protonotariusapostolicus
652 727 681 778 et
689 714 1011 798 praepositusccclesiae
1022 719 1053 778 1).
1060 718 1138 780 Petri

109 814 248 886 Loranii,
265 834 354 896 coque
369 813 454 877 titulo
470 815 667 878 universitatis
680 816 881 892 cancellarius,
897 816 1054 879 decanatus
1067 821 1141 880 Ant·

109 915 271 997 verpiensis
286 916 494 999 possessionem
510 916 581 979 adiit
600 919 619 979 6
640 918 738 978 martii
765 921 856 989 1515,
880 919 909 980 in
925 938 981 1000 qua
996 919 1138 1000 dignitate

110 1028 176 1098 post
190 1018 375 1100 episcopatus
386 1017 561 1080 erectionem
576 1018 669 1080 literis
683 1019 771 1098 regiis
785 1019 973 1081 confirmatus
987 1033 1044 1092 est,
1056 1021 1096 1083 ita
1108 1033 1140 1082 ut

108 1119 224 1200 primus
238 1119 411 1181 cathedralis
424 1119 562 1182 ccclesiae
575 1121 702 1182 decanus
716 1120 866 1183 habendus
881 1122 927 1184 sit.

149 1223 237 1280 Anno
257 1223 335 1282 1577
356 1241 422 1282 cum
445 1222 555 1282 loanue
569 1223 722 1284 Austriaco
738 1222 973 1303 luxemburgum
995 1222 1141 1306 proiectus

108 1333 168 1392 ost,
185 1332 216 1381 ct
230 1320 265 1382 ab
280 1341 314 1383 eo
329 1324 450 1384 Romam
463 1321 582 1395 missus,
599 1335 631 1384 ut
644 1326 796 1386 Summum
811 1324 980 1386 Pontilicem
996 1325 1031 1386 de
1045 1325 1141 1386 omni-

108 1419 164 1484 bus
178 1441 252 1504 quae
267 1423 297 1483 in
315 1423 413 1503 Belgio
427 1423 604 1498 acciderant,
624 1444 781 1506 eorumque
795 1427 907 1500 causis,
923 1447 957 1488 ac
970 1426 1006 1488 de
1017 1437 1093 1487 statu
1110 1427 1140 1487 in

67 1525 70 1530 '
107 1544 165 1604 quo
175 1544 222 1584 res
232 1535 342 1596 essent,
354 1524 502 1598 edoceret.
516 1538 603 1608 prout
613 1527 767 1588 memoriae
778 1527 907 1608 prodidit
919 1527 1009 1609 ipsius
1023 1527 1140 1616 Rogerii

108 1625 200 1696 frater
213 1627 338 1688 loannes
353 1627 481 1709 Baptista
494 1628 529 1689 du
540 1629 635 1690 Tussis
645 1629 673 1690 in
686 1629 745 1690 suis
760 1629 976 1691 commentariis
987 1629 1021 1691 de
1034 1630 1141 1692 tumul·

108 1726 189 1788 tibus
204 1726 327 1808 Belgicis
340 1731 361 1790 ¹.
378 1731 452 1789 llura
465 1729 569 1791 deinde
583 1751 598 1790 a
614 1729 790 1792 calvinianis
804 1730 955 1802 sustinuit,
973 1731 1141 1812 praesertim

107 1850 155 1890 au.
173 1833 272 1901 1519,
293 1829 408 1912 quando
421 1829 487 1892 sede
498 1842 618 1892 vacante
631 1831 757 1894 vicarius
774 1831 935 1913 generalia,
951 1853 1002 1914 per
1016 1833 1140 1894 sedecim

107 1932 172 1994 dies
193 1931 223 1992 in
243 1930 365 1993 navibus
383 1932 508 2012 primum
524 1933 655 2014 captiuus
670 1933 816 2004 detentus,
841 1932 899 1994 lata
917 1935 1141 1997 sententiarum

107 2034 233 2095 caeteris
249 2033 449 2096 ecclesiasticis
468 2054 483 2094 e
503 2034 619 2096 civitate
635 2029 751 2096 exulare
773 2034 882 2096 debuit.
905 2035 990 2096 Exilii
1013 2048 1143 2119 tempore

107 2135 231 2198 lovanii
253 2135 359 2197 resedit
379 2157 468 2218 usque
489 2137 523 2198 ad
545 2136 693 2199 reductam
717 2137 861 2199 civitatem
883 2157 930 2198 an.
952 2141 1040 2201 1585.
1062 2137 1143 2201 Obiit

107 2235 285 2318 Antverpiac
300 2241 339 2298 ld
354 2237 449 2298 martii
466 2240 554 2300 1595.

148 2339 288 2400 Triennio
300 2351 366 2401 ante
377 2339 489 2400 obitum
500 2339 670 2402 decanatum
683 2337 975 2420 resignaverat‚lorte
984 2338 1022 2400 ob
1033 2352 1141 2403 motam

23 2481 29 2493 ·
106 2441 367 2507 intermortuam
392 2441 575 2504 Torrentium
600 2454 628 2503 ct
654 2440 812 2522 capitulum
841 2441 1080 2512 controversiam,
1107 2443 1142 2504 da

105 2565 165 2627 qua
180 2565 267 2626 supra
287 2566 314 2626 p.
330 2549 369 2607 35
385 2556 414 2605 et
432 2549 468 2606 at
487 2565 581 2605 sermo
596 2557 648 2604 est.
669 2541 816 2625 Quidquid
837 2541 939 2614 idest,
957 2543 1026 2604 satis
1045 2555 1140 2605 tamen

105 2657 224 2709 constat
246 2647 402 2725 Rogerinm
429 2645 464 2708 do
483 2645 578 2707 Tussis
599 2644 757 2726 plurimum
788 2643 986 2704 molestiarum
1010 2643 1141 2706 attulisse

106 2749 236 2812 Laeuino
247 2749 400 2811 Torrentio
414 2749 463 2831 qui
475 2749 505 2808 in
516 2747 646 2828 epistolis
660 2747 695 2808 ad
711 2746 836 2808 amicum
851 2766 935 2807 suum
951 2748 1048 2807 Arium
1062 2750 1142 2808 Mou-

106 2864 228 2923 tanum‚
247 2871 339 2932 nuper
359 2871 376 2910 a
395 2871 441 2911 me
455 2849 552 2919 editis,
571 2849 624 2910 hac
641 2848 676 2910 de
694 2870 725 2910 re
744 2848 939 2929 conquenitur,
955 2848 994 2909 ait
1014 2849 1139 2910 enimin

105 2952 204 3014 literis
218 2951 253 3013 do
267 2950 313 3012 die
327 2954 366 3014 15
377 2949 504 3032 januarii
520 2953 599 3013 1590
615 2971 621 3010 :
640 2974 653 3006 a
670 2952 725 3011 Tot
739 2961 767 3010 ct
781 2960 860 3009 tauta
875 2947 904 3009 in
921 2948 974 3010 lrac
991 2947 1141 3012 functione

110 3079 125 3111 a
152 3055 328 3133 (episcopali)
348 3053 443 3134 patior
464 3051 659 3122 incommoda,
681 3050 756 3112 unde
774 3071 820 3111 me
839 3049 978 3111 extricare
998 3070 1055 3111 nou
1078 3071 1142 3132 pos·

110 3180 125 3214 a
150 3174 231 3224 sum;
247 3152 296 3215 scd
308 3153 380 3214 nihil
395 3173 484 3234 acque
497 3153 650 3214 molestum
662 3164 706 3213 cst
720 3172 804 3234 quam
816 3151 905 3234 quod,
917 3171 1007 3233 quum
1021 3153 1141 3214 cacteris

109 3282 125 3315 a
150 3256 326 3322 satisfaciam
341 3255 491 3326 omnibus,
507 3255 615 3316 decano
631 3253 718 3336 hujus
731 3253 867 3315 ecclesiae
883 3273 948 3314 cum
965 3253 1063 3335 paucis
1077 3253 1141 3316 aliis

111 3341 126 3418 n
151 3360 213 3442 ejus
227 3358 344 3422 asseclis
358 3356 469 3441 placere
483 3357 564 3419 nullo
578 3357 664 3418 niodo
677 3377 802 3439 possum.
814 3356 869 3419 Sed
885 3357 960 3418 nosti
976 3357 1139 3430 homiuem,

109 3487 125 3520 u
151 3481 205 3523 nec
216 3481 267 3522 sua
284 3473 378 3521 tamen
391 3458 549 3541 pervicacia
562 3479 607 3519 mc
618 3458 714 3520 uincet
728 3461 751 3518 2.
768 3484 782 3516 n

149 3567 222 3627 XXI.
248 3565 372 3625 Carolus
397 3565 525 3634 Masius,
553 3561 762 3633 Bruxeliensis.
784 3559 901 3642 Rogerii
926 3560 962 3622 dc
986 3559 1083 3622 Tussis
1106 3581 1140 3622 cx

145 3767 154 3798 ¹
172 3767 240 3830 Apud
262 3765 364 3832 lloynck
382 3767 433 3816 Van
454 3763 636 3831 Papeudrecht,
657 3764 774 3815 Anulcct
796 3763 868 3827 Bclq.
892 3769 951 3814 tom.
971 3763 1023 3828 II,
1044 3777 1071 3827 p.
1092 3762 1140 3828 ΙΙ,

104 3852 332 3990 1³?ssmean
347 3939 373 3988 la
390 3938 563 3989 Commtsaion
577 3937 667 4001 rapoto
685 3937 830 4002 d'tu'atoa're,
841 3938 885 3990 ΞΜ
897 3935 976 4002 tamo,
988 3942 1047 3986 tom.
1064 3934 1139 4000 VII,

107 4040 135 4089 p.
148 4023 204 4075 162.

1020 4121 1060 4180 to
