2978 4916
587 483 653 562 ror
681 485 711 584 )’
872 577 875 585 ,

109 633 143 692 17
167 627 215 691 die
237 595 350 712 aprilis,
379 612 464 690 cessit
488 490 659 700 an.(idb8‚
688 623 818 708 obiitque
844 625 924 687 1175
952 623 1043 710 pridie
1071 621 1136 688 idus

105 729 242 894 OOXXXS
252 829 403 894 Martinus
413 829 549 906 Btyteoen
563 847 609 890 an.
624 827 717 900 1180,
733 826 893 889 indictione
903 845 962 900 xm,
977 822 1024 888 die
1034 847 1052 889 x
1061 826 1139 909 apri-

105 933 141 996 lis
161 931 331 995 Mechiiniae
349 949 484 1013 praesens
506 928 561 992 fuit
580 949 647 992 oum
667 927 822 991 Francisoo
836 925 1013 1000 villariensi,
1035 927 1138 990 Livino

107 1033 141 1095 de
153 1031 277 1095 Bodeioa
292 1043 321 1094 et
334 1031 399 1094 aliis
410 1029 563 1093 abhatibus
576 1029 735 1092 ostensioni
749 1029 936 1113 reliquiarum
949 1030 978 1092 S.
990 1028 1137 1092 Rumoldi.

106 1138 183 1200 idem
195 1157 243 1198 an.
252 1139 330 1199 1190
340 1155 423 1197 usum
437 1135 539 1196 mitrae
551 1145 581 1196 et
590 1145 770 1196 caeterorum
781 1131 990 1215 pontificalium
1002 1130 1057 1193 sibi
1069 1131 1140 1194 suis·

106 1259 161 1322 que
180 1235 394 1298 successoribus
405 1235 579 1317 impetravit.
592 1233 671 1297 Diem
687 1253 853 1317 supremum
869 1232 943 1295 obiit
956 1253 993 1294 an
1010 1233 1097 1297 1198.

145 1339 244 1400 XXVI.
266 1339 426 1400 Rumoldus
442 1339 476 1398 da
495 1337 643 1417 Eppepem
664 1348 749 1396 uatus
773 1335 809 1397 do
830 1334 938 1418 Nyelen
963 1335 1006 1397 vei
1030 1335 1140 1418 Nyien,

107 1439 196 1502 abbas
207 1461 241 1502 ex
256 1439 438 1522 coadjutore,
451 1441 540 1520 Lyrae
551 1449 674 1499 mortem
688 1435 810 1520 oppetiit
824 1439 863 1498 22
873 1456 944 1533 aug.
959 1455 995 1498 an
1010 1439 1097 1499 1501.

145 1543 257 1605 xxvu.
275 1541 401 1605 Ioannes
428 1540 518 1614 Grcs,
545 1538 640 1603 dictus
661 1538 730 1600 alibi
756 1541 938 1612 Gotttetmos,
961 1538 1070 1601 electus
1091 1537 1138 1600 die

107 1643 182 1706 festo
193 1643 223 1706 S.
239 1641 463 1714 Bartholomaei‚
479 1639 545 1702 fatis
557 1641 699 1704 concessit
713 1661 749 1702 au
766 1643 858 1713 15116,
870 1663 887 1702 ιι
898 1639 950 1703 cal.
962 1639 1069 1702 martii.
1084 1641 1138 1704 Sex

107 1757 204 1807 tamen
220 1741 305 1804 annis
318 1762 384 1804 cum
400 1741 558 1824 praefuisse
573 1742 662 1804 tradit
675 1741 837 1824 Heuriqucz
852 1741 881 1803 iu
897 1743 1046 1804 Fasciculo
1057 1762 1140 1803 sonc-

45 1879 46 1884 1
105 1858 203 1908 torum
218 1847 331 1906 ordinis
346 1843 554 1915 Cistcrcr'ensie,
570 1864 598 1929 p.
612 1846 684 1913 155,
698 1842 750 1905 lib.
764 1845 795 1914 2,
811 1843 877 1905 dist.
893 1845 942 1905 10.

145 1947 268 2008 xxvtu.
290 1945 398 2007 Petrus
415 1945 493 2023 Cops
506 1944 552 2006 vel
568 1945 651 2008 Coelo
665 1965 699 2006 ex
718 1940 867 2006 cellerario
886 1944 987 2017 abbas,'
1009 1941 1139 2006 Marcum

106 2047 141 2109 de
157 2048 250 2128 Copyt
263 2045 307 2108 rel
323 2045 416 2124 Cruyt
428 2043 589 2107 obtinuisse
602 2039 710 2108 dicitur
727 2043 757 2106 iu
772 2044 968 2127 coadjutorem
982 2043 1060 2106 bulla
1074 2044 1141 2107 data

105 2149 125 2211 6
146 2146 214 2230 julii
239 2166 315 2209 anno
339 2149 425 2208 1517.
450 2144 531 2208 Obiit
555 2157 651 2207 autem
673 2148 777 2207 Petrus
802 2148 878 2228 Cops
902 2165 949 2207 an.
975 2147 1070 2218 1518,
1092 2145 1139 2207 die

104 2251 155 2312 SS.
172 2248 272 2310 Prothi
285 2259 315 2309 et
327 2246 494 2331 Hyacinthi,
511 2247 613 2332 optimi
626 2248 750 2331 pastoris
765 2247 848 2310 iaude
863 2248 1091 2310 commendatus.

147 2353 248 2414 XXIX.
269 2351 393 2416 Morcus
414 2351 523 2432 troya,
542 2349 570 2414 S.
588 2353 621 2413 Τ.
639 2341 681 2420 Β,
697 2371 782 2432 quem
800 2361 884 2413 vocat
902 2353 1021 2413 Petrum
1040 2361 1142 2412 auctor

110 2451 258 2515 Historiae
271 2451 453 2536 episcopatus
467 2457 614 2536 Antverp„
630 2453 741 2535 primus
755 2471 770 2512 a
786 2451 888 2518 Carolo
903 2453 927 2513 V
943 2452 979 2514 ad
994 2451 1141 2514 abbatiam

105 2553 276 2616 nominatus
295 2552 363 2623 suit,
379 2573 468 2635 quum
487 2563 572 2614 antea
583 2552 633 2635 jus
646 2551 771 2634 eligendi
786 2551 918 2615 abbatem
934 2573 1022 2636 penes
1040 2572 1141 2613 mona-

105 2654 178 2718 chos
199 2651 310 2716 fuisset.
336 2655 390 2716 Hic
413 2675 480 2716 vero
506 2665 617 2717 tantam
642 2654 751 2734 insigni
776 2674 827 2716 sua
845 2653 1009 2732 eloquentia
1033 2653 1140 2716 famam

104 2768 258 2820 assecutus
271 2766 329 2828 est,
354 2769 385 2819 ut
406 2755 525 2818 nomine
542 2755 636 2818 Caroli
654 2759 679 2820 V
693 2758 891 2818 Romanorum
907 2757 1090 2841 imperatoris
1107 2777 1141 2820 ac

8 2863 9 2868 ’
104 2857 192 2919 ducis
210 2857 382 2919 brabantiae
402 2856 477 2939 apud
502 2877 599 2938 regem
620 2858 727 2918 Daniae
745 2858 871 2940 legatum
893 2859 993 2940 egerit.
1012 2858 1142 2942 Denique

104 2959 270 3021 exstinctus
285 2970 328 3020 est
342 2979 389 3019 an.
407 2960 501 3030 1556,
516 2958 610 3041 pridie
623 2958 688 3021 idus
704 2957 775 3020 febr.

146 3059 234 3120 XXX.
255 3059 379 3123 lacobus
401 3059 515 3121 Vondcr
530 3061 643 3122 Macron
663 3081 711 3121 seu
727 3063 761 3122 de
775 3061 861 3123 Mero
875 3081 909 3121 ex
922 3059 1030 3121 illustri
1051 3061 1142 3124 Mera-

103 3178 213 3224 nornm
228 3164 358 3244 prosapia
374 3161 507 3243 genitus,
518 3163 547 3224 S.
561 3164 594 3224 T.
612 3163 651 3236 Β,
664 3175 840 3247 equatuora
853 3162 1001 3226 decessore
1014 3161 1143 3224 obtentis

103 3261 326 3344 coadjutoribus
340 3259 459 3344 eiigitur
472 3261 560 3324 abbas
576 3265 613 3325 15
629 3261 702 3336 febr.
716 3261 845 3347 ejusdem
860 3263 944 3334 anni3
961 3263 1081 3347 ipsoque
1094 3262 1142 3325 die

103 3364 178 3425 anni
198 3367 276 3426 1515
288 3364 432 3445 quamdam
448 3363 683 3426 reformationem
699 3363 828 3437 induxit,
841 3364 887 3426 vir
899 3364 1065 3427 omnimode
1078 3386 1142 3427 sus-

104 3465 268 3550 piciendus.
281 3465 358 3527 idem
373 3486 451 3527 anno
469 3466 586 3528 circiter
603 3467 680 3530 1550
695 3466 903 3550 pretiosissima
918 3468 1022 3529 emisse
1035 3467 1143 3530 dicitur

105 3578 279 3629 ornamenta
294 3567 330 3628 ab
344 3566 447 3644 buglis
462 3565 498 3628 ob
520 3566 645 3629 schisma
662 3568 774 3649 regium
791 3569 973 3653 proscriptis,
989 3580 1021 3631 ut
1034 3569 1142 3650 legitur

104 3669 137 3732 in
149 3667 271 3730 historia
285 3669 361 3730 edita
374 3667 614 3731 camberonensis
628 3667 769 3731 abbatiae.
781 3667 863 3731 Obiit
875 3688 943 3730 uero
959 3673 997 3732 r7
1008 3668 1142 3733 novemb.

104 3791 154 3832 an.
172 3771 266 3843 1559,
282 3770 383 3832 aetatis
397 3790 465 3832 suae
479 3773 528 3833 59.
547 3769 655 3832 Deinde
669 3772 781 3832 vacavit
794 3769 877 3833 sedes
893 3769 1045 3833 abbatialis
1057 3772 1142 3833 annis

105 3873 169 3935 sere
190 3871 327 3954 quinque,
345 3870 457 3934 duobus
472 3872 582 3934 interea
598 3871 744 3954 prioribus
757 3871 886 3936 iohanne
900 3873 1010 3935 chms
1022 3885 1051 3935 st
1071 3876 1142 3934 Rer-

104 3973 201 4041 nardo
216 3973 308 4035 Hovio
324 3973 491 4036 monasterii
506 3991 605 4034 curam
620 3972 803 4037 habentibus.
818 3975 900 4036 Tunc
913 3972 1024 4035 scilicet
1034 3972 1140 4054 ageba·
