2990 4918
553 486 566 580 (
594 485 658 556 ldl

151 621 198 682 rt.
223 622 371 683 Jobooaes
397 623 460 685 Van
484 623 546 701 Ep,
570 489 799 705 univerplensis,
825 637 923 705 pastor
943 626 971 686 S.
994 619 1141 688 Michaelis

113 721 234 782 lovanii
259 735 288 783 et
313 721 427 802 collegii
452 723 537 784 Horii
564 725 658 805 (quod
683 724 771 807 vulgo
799 725 1009 788 Patrimonium
1034 726 1140 789 Christi

111 821 230 900 dieitur)
245 843 371 904 praeses,
386 821 547 905 plebaniam
561 826 673 906 accepit
686 845 732 886 an.
747 829 833 887 1750.
848 825 930 888 Obiit
944 830 963 888 5
975 846 1040 908 aug.
1053 831 1141 890 1760.

111 922 211 984 Edidit
224 921 421 985 Eucttrtctoo
434 925 466 986 S.
482 926 668 1002 scripturae,
684 929 703 986 5
717 925 774 987 vol.
784 927 867 989 in-80.

151 1026 211 1088 vu.
233 1025 338 1086 Petrae
365 1025 544 1087 ductatores
574 1027 636 1088 Van
662 1029 836 1098 flammatae,
861 1047 894 1088 ex
919 1041 1032 1110 pastore
1052 1029 1088 1090 ad
1110 1031 1137 1092 S.

110 1116 270 1196 Andream',
285 1145 333 1186 au.
348 1129 427 1188 1768
442 1125 594 1208 plebanus,
612 1127 686 1188 obiit
699 1147 745 1190 an.
763 1122 848 1190 utta.
1023 1119 1027 1129 ¹

151 1229 221 1289 Vlll.
242 1228 389 1289 lebannes
404 1228 576 1288 Froncr'scus
591 1230 731 1306 Lippeus,
750 1229 930 1292 Eclouiensis
945 1230 973 1291 in
990 1231 1138 1305 Flandria,

109 1329 138 1388 S.
153 1330 185 1388 T.
202 1331 267 1388 etl.
288 1329 322 1389 U.
340 1331 380 1399 L,
395 1348 427 1388 ex
445 1339 559 1408 pastore
575 1329 604 1389 in
623 1329 745 1390 Contich
761 1329 796 1390 ad
812 1329 973 1411 plebaniam
989 1349 1139 1414 promotus

109 1447 155 1489 an.
172 1431 260 1496 utta,
272 1447 357 1509 quarn
369 1448 415 1489 an.
432 1431 511 1491 1786
526 1441 591 1509 post
602 1428 737 1510 adeptum
750 1430 951 1491 canonicatum
961 1431 1140 1513 praebendae

109 1528 217 1590 liberae
230 1529 395 1608 resignavit.
408 1527 489 1590 Obiit
502 1527 615 1612 tejnlii
629 1533 716 1622 1798.
730 1530 798 1592 Fuit
807 1533 986 1594 examinator
995 1533 1140 1616 synodalis

1 1649 2 1656 ¹
109 1619 293 1690 etoffioialis.

1 1805 2 1814 ἵ
148 1733 195 1792 tx.
219 1731 390 1794 Gallielmus
410 1732 537 1794 locanes
567 1733 629 1794 l'ou
647 1734 836 1812 Bomberqcrr,
858 1745 944 1795 natus
965 1737 1139 1820 butuerpiae

109 1836 147 1896 80
161 1852 230 1912 aug.
248 1836 340 1904 1750,
353 1834 381 1894 S.
397 1834 429 1893 T.
444 1837 487 1904 L,
502 1833 532 1893 iu
547 1832 702 1909 seminario
719 1839 804 1896 butu.
821 1835 980 1916 professor,
996 1857 1043 1898 an.
1059 1841 1137 1900 1786

108 1931 248 2016 plebanus
276 1945 305 1994 et
332 1933 482 1994 districtus
508 1933 727 2014 Antuerpiensis
754 1933 985 2018 archipresbyter
1011 1958 1045 2000 ao
1070 1939 1136 2000 sede

15 2019 18 2028 ³
108 2047 227 2096 vacante
240 2055 316 2096 unus
327 2035 499 2096 vicariorum
512 2027 706 2115 generalium.¹
717 2041 771 2097 An,
788 2040 865 2098 18οὄ
879 2038 909 2097 iu
926 2054 999 2099 nora
1012 2041 1137 2101 circum-

108 2135 267 2217 scriptione
281 2133 316 2196 ab
338 2134 553 2217 archiepiscopo
573 2134 769 2197 Mecbliniensi
791 2137 957 2199 nominatus
975 2153 1018 2201 est
1039 2154 1137 2223 pastor

107 2257 155 2298 seu
181 2249 277 2299 rector
301 2235 437 2298 eeclesiae
460 2240 488 2298 S.
510 2236 618 2308 Caroli,
645 2248 673 2298 et
695 2237 831 2300 defuncto
856 2261 902 2299 an.
927 2243 1005 2302 1805
1026 2245 1137 2304 Joaune

106 2339 235 2400 Antonio
247 2339 402 2409 Seerwart,
418 2337 510 2398 eidem
526 2339 665 2398 suecessit
676 2339 704 2399 in
718 2352 865 2420 pastoratu
880 2341 1016 2403 eeclesiae
1028 2343 1135 2424 prima-

106 2440 164 2512 riae
177 2442 207 2498 B.
221 2442 257 2501 M.
271 2441 305 2500 V.
319 2439 473 2499 steritem
488 2438 704 2521 archiepiscopo
720 2441 887 2502 nominatus
898 2457 941 2503 est
955 2444 1135 2506 examinator

105 2539 253 2621 synodalis
263 2551 292 2600 et
303 2538 534 2622 archipresbyter
544 2540 693 2601 districtus
704 2543 930 2623 antuerpiensis.
939 2543 1020 2605 Obiit
1032 2544 1134 2626 plenus

104 2641 217 2702 dierum
229 2661 263 2702 ac
273 2642 443 2702 meritorum
457 2645 476 2702 6
490 2641 605 2720 augusti
621 2645 713 2711 1801,
729 2661 922 2704 successorem
937 2657 1039 2706 nactus
1050 2645 1131 2706 illum

105 2744 200 2826 ipsum
222 2742 382 2825 praesulem
400 2743 661 2804 eminentissimum
678 2745 870 2825 Eucaerunruu
890 2748 1026 2820 Sounoua,
1048 2767 1132 2830 quern

105 2865 183 2908 nunc
204 2843 438 2906 Meobliuiensem
464 2843 712 2927 archiepiscopum
737 2857 765 2906 et
787 2847 817 2908 S.
843 2849 877 2908 R.
901 2849 934 2910 E.
956 2847 1131 2910 cardinalem

103 2958 259 3009 veneratur
273 2944 415 3026 Belgium.

573 3190 596 3264 5.
617 3188 664 3247 111.

429 3384 627 3446 Seminarium
642 3390 808 3465 episcopale.

143 3545 346 3607 Tridentinum
367 3546 513 3608 decretum
531 3546 566 3608 de
580 3547 768 3609 instituendis
781 3549 953 3611 clericorum
969 3549 1131 3612 seminariis

1 3671 2 3696 1
100 3646 179 3733 quod
205 3645 361 3708 concilium
383 3647 559 3728 provinciale
577 3647 783 3709 Mechliniense
802 3669 848 3710 an.
872 3651 950 3710 1570
968 3649 1130 3711 executioni

102 3748 299 3810 mandandum
327 3769 388 3810 esse
412 3748 611 3821 ordinaverat,
636 3748 676 3810 ita
702 3762 747 3819 ut,
769 3749 817 3810 ubi
842 3745 958 3811 illorum
984 3750 1129 3811 institutio

102 3851 234 3913 nondum
248 3850 322 3912 lacta
336 3862 422 3922 esset,
436 3850 511 3912 ultra
523 3871 570 3912 sex
583 3870 696 3912 menses
709 3872 765 3912 non
779 3849 959 3912 dissereretur
973 3854 996 3923 ¹,
1008 3856 1131 3912 Anturr-
1227 3912 1230 3918 ,

136 4030 144 4059 ¹
164 4031 290 4097 Synodict'
301 4031 373 4096 Belp.
386 4040 402 4082 t.
417 4033 439 4094 l,
451 4048 473 4098 p.
488 4033 543 4082 101.

896 4168 898 4172 -
975 4123 1005 4181 ll
