2978 4916
358 587 511 650 Montanas
522 582 591 650 olim
604 584 746 670 pertinuit
758 587 870 652 ratione
879 586 1054 651 decimarum
1068 607 1139 674 quas
1149 608 1240 674 nsque
1253 586 1291 652 ad
1302 586 1391 654 finem

357 688 464 750 saeculi
476 688 580 752 decimi
596 688 689 752 octavi
704 687 759 752 hoc
774 689 803 752 in
818 687 882 753 loco
897 703 1102 774 perceperunt,
1117 691 1158 752 ita
1173 690 1278 754 deinde
1291 691 1391 774 dispo-

359 791 448 854 siturn
464 789 533 865 fuir,
548 802 580 854 nt
594 791 682 854 semet
698 791 734 854 ad
749 793 915 876 episcopum
931 792 1182 876 Antverpiensem‚
1196 791 1309 858 duabus
1323 814 1390 856 vero

357 893 546 976 sequentibus
568 891 680 956 vicibus
701 894 737 956 ad
758 894 1018 980 praesentationem
1044 895 1161 958 comitis
1181 895 1390 978 Hoogstratani

359 1007 512 1078 spectaret.
1476 1061 1477 1086 ἒ

398 1101 429 1163 ln
444 1097 498 1163 hcc
516 1097 635 1160 ecelesia
655 1101 758 1161 Petrus
779 1096 815 1160 de
836 1097 964 1172 andrea,
985 1097 1138 1181 episcopus
1156 1097 1390 1170 Cameracensis,
1475 1115 1477 1154 r

357 1198 449 1262 erexit
467 1199 622 1284 coiicginm
641 1199 847 1263 canonicorom
867 1198 961 1265 literis
979 1198 1056 1262 datis
1073 1199 1121 1260 die
1141 1202 1153 1261 i
1173 1199 1271 1262 martii
1292 1202 1390 1266 1566.
1475 1257 1477 1284 p

356 1320 428 1384 quas
442 1300 643 1364 chccsiaum
653 1313 683 1363 et
694 1304 834 1364 Ioannem
848 1301 1019 1366 Brahantiae
1033 1301 1120 1366 duces
1133 1300 1270 1384 probasse
1286 1302 1390 1366 fertur.
1475 1307 1477 1358 i

357 1404 421 1476 Qua
430 1423 498 1465 vero
509 1402 547 1464 de
559 1422 644 1466 cansa
654 1401 769 1466 illarum
782 1403 929 1466 literarum
943 1402 1072 1465 executio
1083 1423 1132 1464 sen
1144 1403 1265 1486 capituli
1280 1403 1391 1466 erectio

356 1503 489 1586 neglecta
500 1503 600 1578 fuerit,
614 1502 696 1567 nulio
708 1517 788 1566 certo
802 1516 974 1590 argumento
985 1516 1115 1577 constan
1131 1503 1160 1566 id
1172 1503 1268 1566 solum
1282 1503 1390 1587 liquet.
1476 1579 1477 1588 χ

356 1605 467 1668 sciiicct
479 1617 572 1670 aetate
582 1604 670 1686 longe
683 1604 835 1688 posteriori
853 1617 1038 1688 personatum
1055 1605 1307 1668 Herendalicnsem
1322 1606 1391 1668 uni·
1476 1619 1477 1658 ἕ

357 1718 420 1770 tnm
442 1705 530 1768 inisse
552 1705 673 1788 collegio
691 1704 905 1790 capellanorum
927 1727 977 1770 seu
998 1706 1206 1770 canonicorum
1229 1709 1389 1787 Hoogstra·
1476 1771 1477 1780 ¹

356 1818 441 1880 tarro,
456 1827 544 1890 eoque
559 1808 644 1878 titulo
658 1805 708 1890 jus
722 1819 892 1890 patronatus
906 1808 1055 1872 devenisse
1072 1808 1108 1871 ad
1126 1808 1294 1892 episcopum
1312 1813 1389 1870 Ant·
1475 1805 1477 1846 i

358 1908 537 1996 verpiensem
554 1920 584 1970 et
598 1907 634 1972 ad
646 1908 783 1971 comitem
798 1911 1057 1992 Hoogstratanum,
1073 1919 1106 1972 ut
1120 1929 1187 1972 mox
1204 1909 1384 1974 dictumest.

757 2273 894 2316 CAPUT
919 2273 985 2316 ΙΙΙ.

783 2493 816 2534 ott
835 2493 960 2536 tnntttts.

849 2634 898 2652 μ

838 2848 862 2927 5.
882 2847 904 2910 1.

582 3049 708 3118 Aenaria
728 3047 762 3112 S.
784 3047 935 3112 Berncrdr'
954 3053 995 3114 od
1014 3049 1173 3116 Scholdim.

381 3233 604 3296 ⁴ricimerem
620 3236 651 3294 n.
667 3214 773 3295 martae
786 3231 855 3320 noe
869 3234 898 3296 s.
913 3233 1053 3297 remam
1067 3235 1102 3297 aa
1117 3235 1264 3298 saaraim
1278 3235 1383 3298 ordinis

358 3334 557 3397 Cistereiensis
568 3333 694 3397 secundo
710 3333 746 3396 ab
758 3334 911 3416 antverpia
922 3334 1016 3418 lapide
1025 3335 1114 3398 sitnm
1125 3335 1226 3410 ,initia
1239 3355 1290 3398 sua
1303 3335 1380 3399 debet
1476 3419 1477 3422 Ἴ

357 3436 528 3506 Hearicoi,
546 3421 750 3518 Lotharingiae
764 3434 849 3508 doci,
872 3435 920 3519 qni
940 3455 1016 3498 anno
1036 3440 1114 3500 tato
1133 3437 1163 3500 in
1182 3437 1256 3500 festo
1269 3441 1297 3502 S.
1317 3441 1379 3500 Ber-

357 3536 439 3598 nardi
460 3536 557 3598 villam
583 3537 745 3603 Westmatte
759 3537 844 3600 tertio
858 3536 983 3619 lapidea
1003 3541 1090 3620 Lyra,
1106 3557 1173 3600 cum
1187 3541 1268 3602 omni
1281 3537 1378 3601 aliodio
1476 3571 1477 3598 1

357 3636 545 3699 ad³eamdem
563 3621 741 3718 pertinente,
766 3650 794 3699 et
818 3635 958 3720 quidquid
981 3636 1089 3700 ibidem
1111 3638 1250 3722 suijuris
1275 3651 1332 3702 erat
1349 3639 1376 3698 in

347 3736 493 3818 decimis,
518 3737 622 3820 pratis,
645 3737 740 3821 aquis,
767 3739 892 3820 pascuis,
914 3737 1016 3820 sylvis,
1040 3751 1070 3802 et
1090 3740 1168 3824 sylva
1195 3741 1290 3813 totali,
1312 3757 1377 3824 qnae

356 3835 477 3898 vocatur
497 3839 663 3910 Hoodnnck,
683 3857 750 3900 com
768 3837 905 3902 omnibus
921 3841 1105 3922 pertinentiis
1124 3842 1199 3915 suis,
1218 3840 1336 3904 contulit
1348 3839 1375 3900 in

359 3959 463 4006 manus
480 3936 629 4002 Wiihelmi
649 3938 761 4002 abbatis
778 3938 958 4004 Viliariensis
976 3939 1254 4040 ad'mnstruendum
1272 3960 1376 4004 monas-
