3034 4908
572 458 724 556 (aru)

133 594 169 656 dn
182 597 291 658 Ouwen
304 594 333 656 in
348 594 412 656 loco
426 613 525 657 vorsus
539 597 620 659 Pulla
640 598 670 658 in
692 617 748 680 quo
768 595 803 657 ab
821 595 929 678 aliquot
949 599 1034 660 annis
1052 620 1158 664 novum

130 697 267 758 sacellum
282 705 524 759 exstructum'est.

170 797 427 860 Gerontocomium
451 798 482 859 S.
504 797 702 878 llagdalenae,
725 795 810 878 cujus
831 809 988 879 supersunt
1011 798 1157 872 redditus,

131 915 209 960 anno
226 902 305 962 ttou
324 898 477 960 laudatum
499 898 556 960 luit
573 899 603 959 in
622 898 686 960 loco
705 897 784 959 dicto
797 901 831 960 de
847 900 925 960 Biest
939 918 955 960 a
967 903 1078 964 toanna
1095 903 1157 964 Van

129 1000 275 1082 Steyuoirt
293 999 378 1062 vidua
402 1000 522 1062 bunoldi
550 1000 586 1061 de
610 999 803 1081 (lrayenbem,
826 999 876 1082 qui
899 1000 981 1082 pium
1006 1001 1061 1063 boe
1085 1021 1159 1084 opus

128 1100 212 1161 uxori
236 1119 304 1161 suae
328 1101 358 1161 in
380 1100 523 1162 mandatis
544 1100 698 1182 reliquerat
723 1100 758 1161 ad
782 1101 1022 1164 sustentationem
1047 1115 1157 1185 septem

127 1201 300 1262 vetularum.

168 1305 199 1362 ln
214 1301 320 1363 ricinia
330 1299 422 1382 ,hujus
435 1301 501 1383 pagi
513 1301 626 1381 saepius
637 1319 754 1363 mmana
766 1302 942 1364 numismata
954 1302 1055 1366 effossa
1068 1303 1157 1367 luisse

128 1414 229 1463 notum
250 1413 305 1464 est.
327 1403 432 1463 Nostra
455 1401 571 1484 quidem
591 1415 685 1464 aetate
706 1402 735 1463 in
755 1402 820 1464 vico
839 1402 876 1465 de
896 1405 1044 1466 Boaloven
1067 1425 1158 1466 urnae

127 1503 266 1584 quaedam
282 1501 444 1564 funerariae
458 1512 588 1583 repertae
602 1513 680 1564 sant.
702 1525 717 1560 a
738 1502 929 1566 Observatum
943 1503 1045 1577 velim,
1060 1504 1158 1589 inquit

128 1603 236 1686 lleylen
250 1607 277 1676 ¹,
298 1623 434 1664 nummos
453 1602 539 1665 hosce
552 1603 589 1665 ab
602 1602 738 1684 imperito
751 1603 839 1683 vulgo
854 1605 992 1688 appellari
1006 1607 1157 1669 Melaniae·

125 1715 209 1765 tanne
233 1713 284 1764 aut
298 1753 300 1756 .
314 1704 462 1774 Tereiana,
487 1703 652 1784 ignorantia
676 1719 789 1776 crassa,
813 1704 920 1787 quippe
942 1707 1077 1768 Saraceni
1102 1707 1155 1769 ba-

125 1804 250 1867 beantur
262 1805 386 1866 Romani
400 1825 409 1865 a
423 1824 504 1866 error
519 1816 615 1866 umen
630 1804 886 1868 indiscriminatim
902 1808 1026 1889 gentiles
1039 1828 1156 1870 nuncu·

126 1926 198 1989 pans
221 1908 392 1978 Saracenos,
417 1925 476 1968 non
501 1917 545 1968 est
568 1904 693 1968 recentia
715 1906 792 1980 aevi;
817 1927 884 1968 nam
908 1907 1072 1971 Chronicon
1095 1910 1155 1971 MS.

124 2006 258 2070 abbatiae
275 2008 306 2069 8.
321 2005 473 2088 Sepulchri
487 2006 633 2068 &maraci
649 2006 809 2087 perducens
828 2027 918 2089 usque
937 2007 972 2069 ad
994 2027 1041 2070 an.
1062 2011 1155 2081 dxc,

125 2108 297 2170 fladbodum
324 2107 474 2172 Frisonem
501 2119 585 2169 vocat
609 2109 718 2170 Robuet
740 2109 765 2168 le
792 2108 930 2170 Soroain.
956 2111 1019 2191 lpse
1045 2108 1155 2191 pluries

121 2208 219 2271 audivi
233 2206 465 2272 Gmbbendonclr
477 2207 549 2269 olim
563 2205 651 2270 luisse
665 2206 811 2270 civitatem
826 2227 878 2290 per
891 2210 1000 2271 Turcas
1010 2229 1153 2282 cuersam;

121 2329 158 2371 en
170 2329 296 2372 errorem
308 2309 476 2392 popularem
490 2327 609 2391 prorsus
619 2307 762 2370 cumdem.
785 2331 801 2367 a

453 2481 476 2532 o.
495 2482 679 2533 Hannnnanrnn.
697 2483 723 2533 G.
742 2482 815 2533 ttoo.

133 2618 136 2626 ’
161 2609 203 2668 De
215 2605 334 2670 ecclesia
347 2606 377 2669 S.
392 2604 590 2668 Waldetrudis
603 2605 669 2667 vide
682 2625 784 2687 supra,
801 2626 829 2687 p.
846 2607 914 2669 ¹85.

161 2708 280 2772 Celebre
299 2720 343 2772 est
362 2708 498 2770 sacellum
521 2707 682 2770 llarianum
701 2720 782 2768 extra
802 2707 902 2790 oppidi
921 2725 1021 2769 muros
1042 2708 1147 2782 situm,

119 2810 198 2893 quod
215 2809 304 2891 vulgo
323 2810 434 2876 Nostro
448 2811 575 2870 Domino
585 2812 618 2869 in
632 2801 738 2879 brena,
755 2823 785 2868 et
802 2806 955 2868 vernacule
971 2807 1052 2868 Oeae
1066 2810 1162 2880 Lieve,

125 2913 233 2975 Vroow
252 2915 285 2972 in
298 2913 343 2972 laet
357 2912 454 2980 zano,
472 2909 581 2970 dicitur
593 2906 631 2970 ob
644 2909 740 2969 locum
757 2908 841 2989 plane
855 2926 1017 2970 arenosum.
1036 2911 1078 2969 Ex
1093 2909 1148 2970 lroc

9 2993 14 3000 ¹
119 3010 224 3074 sacello
243 3011 347 3092 exigua
366 3010 504 3092 Dciparac
528 3021 639 3080 statua,
663 3027 737 3092 quae
758 3008 859 3069 multis
880 3007 1029 3070 miraculis
1049 3029 1149 3072 corus·

118 3113 209 3185 cavit,
225 3112 261 3173 ad
275 3111 490 3174 Xenodochium
507 3109 729 3173 llerendalieuse
742 3109 881 3172 translata
894 3121 939 3171 est
951 3109 989 3170 ob
1004 3109 1145 3172 bellorum

117 3215 262 3278 tumultus
287 3213 393 3276 saeculi
420 3215 492 3276 XVl.
522 3235 537 3270 α
564 3211 643 3274 Solet
671 3223 782 3284 autem,
812 3210 910 3294 inquit
936 3211 1146 3282 Wicbmans',

116 3315 271 3377 annuatim
279 3334 341 3376 osse
349 3313 478 3375 visitatio
489 3324 519 3375 et
531 3331 689 3374 concursus
699 3309 734 3374 ad
745 3310 882 3374 sacellum
893 3310 950 3374 boc
960 3313 996 3374 D.
1019 3313 1146 3394 Varpa'nis

116 3423 149 3480 in
168 3417 282 3486 Arena,
302 3416 349 3478 die
362 3414 436 3478 iesto
450 3417 483 3478 B.
498 3415 604 3476 blaciae
622 3426 775 3496 cognatam
794 3412 955 3484 visitantis,
970 3411 1053 3494 juxta
1067 3414 1145 3495 quod

115 3529 146 3580 et
159 3516 238 3580 aliud
252 3528 312 3588 est.
326 3517 375 3578 sed
390 3517 419 3578 in
434 3527 533 3578 monte
546 3516 686 3578 elevatum
701 3516 751 3578 88.
766 3514 851 3576 Cruci
865 3533 995 3586 sacrum3
1010 3526 1096 3597 atque
1109 3535 1144 3576 err

115 3617 250 3700 opposito
264 3596 391 3680 civitatis
407 3617 476 3679 item
491 3615 570 3679 alind
584 3619 613 3680 S.
631 3616 734 3680 loanni
750 3614 896 3697 Baptistae
909 3613 1086 3690 dedicatum,
1106 3616 1142 3677 ad

150 3857 159 3887 ¹
177 3860 222 3922 Op.
231 3858 285 3926 cit,
295 3873 318 3924 p.
331 3857 388 3908 tta.

148 3943 158 3972 ¹
177 3943 256 3994 Brab.
268 3943 347 4008 Mon,
359 3958 382 4006 p.
395 3943 451 3993 ⁴89.
