2978 4916
797 467 948 570 (rsa)

744 735 841 796 Series
855 736 998 797 abbatum

397 919 418 976 1.
439 917 537 997 Hauc,
551 914 692 978 oviliario
705 929 854 998 sumptus,
868 914 942 978 obiit
955 935 1001 977 nn.
1017 916 1109 986 tata,
1123 924 1277 996 postquam
1288 911 1384 975 eodum
1476 903 1477 978 i

356 1035 450 1090 anno,
471 1017 567 1099 inquit
578 1016 762 1098 iongelinus,
785 1016 900 1080 feodum
915 1019 949 1079 de
964 1017 1112 1080 nemmem
1127 1014 1224 1098 pretio
1239 1033 1385 1097 compara·

360 1130 609 1283 vebikaostoiotts
624 1221 771 1298 &nomon
786 1237 833 1280 an.
854 1220 933 1283 tato
947 1217 1043 1280 idibus
1056 1215 1185 1280 ianuarii
1203 1236 1221 1278 a
1238 1214 1320 1289 loco,
1338 1215 1385 1298 qui
1400 1305 1404 1312 ι

361 1321 478 1384 Vrcrnda
488 1320 613 1392 dicitur,
626 1321 771 1383 abbatiam
787 1318 937 1382 transtulit
949 1320 980 1383 in
995 1319 1160 1403 parochiam
1177 1319 1214 1381 dc
1224 1319 1385 1389 Hominem,

354 1422 385 1484 in
401 1423 464 1505 ripn
480 1421 621 1485 Schaidis.
635 1422 762 1484 Decessit
776 1442 822 1485 an.
842 1425 930 1485 tata.

398 1526 443 1584 ΙΙΙ.
466 1524 647 1597 balduinus,
661 1544 677 1585 e
692 1523 820 1586 Dunensi
833 1522 1008 1586 monasterio
1021 1521 1146 1595 accitus,
1162 1533 1289 1584 mortem
1303 1541 1386 1604 oppc·
1476 1555 1477 1582 3

357 1625 405 1687 tiit
418 1645 470 1688 an.
486 1629 567 1689 tuat
579 1646 604 1688 vr
620 1645 712 1690 nonas
721 1626 828 1689 martii.

397 1730 442 1789 tv.
467 1727 651 1802 (initiamus,
667 1749 701 1791 ox
725 1729 823 1790 cadem
845 1725 960 1789 abbatia
980 1725 1107 1790 bunensi
1127 1737 1278 1799 evocatus,
1295 1725 1385 1789 virore

357 1827 443 1891 desiit
456 1849 503 1891 an.
520 1832 607 1892 1259.

394 1934 429 1995 V.
451 1932 600 1994 Arnoldua
614 1932 647 1992 de
663 1930 789 1994 Gheatele
803 1929 961 1992 monachus
976 1927 1154 2002 Viiinriensis
1172 1929 1338 2010 postolatur
1352 1928 1381 1988 in

356 2031 488 2094 abbatom
511 2031 578 2094 Loci
596 2033 625 2095 S.
645 2031 783 2094 bernardi
801 2051 877 2094 anno
897 2033 991 2104 tnta,
1013 2043 1076 2093 tum
1091 2030 1232 2113 ropetitur
1246 2031 1278 2092 in
1301 2029 1384 2092 Vilia·

356 2134 565 2198 rioasemanno
579 2137 693 2208 tuton
708 2134 758 2197 scd
773 2153 863 2217 quum
877 2145 948 2196 tunc
961 2153 1025 2196 anm
1035 2132 1292 2215 inirodignitatcm
1307 2153 1384 2196 rccu-

356 2249 461 2309 sasset,
476 2248 597 2320 utraque
611 2236 741 2320 privatus
754 2248 797 2298 cst
814 2255 865 2318 por
878 2233 1011 2298 abbatom
1025 2227 1295 2307 Claracvaliansem,
1311 2234 1385 2317 prio-

357 2349 438 2400 ratus
451 2337 546 2400 officio
560 2337 586 2399 ci
600 2336 694 2400 solum
710 2337 810 2401 relicto
825 2337 856 2398 in
869 2335 985 2400 abbatia
1000 2337 1068 2399 iconi
1082 2338 1111 2400 S.
1127 2336 1284 2410 bernardi,
1297 2335 1386 2398 donoc

1475 1423 1477 1554 i

357 2457 404 2500 an.
420 2441 491 2500 tant
513 2438 617 2502 iterum
636 2438 724 2502 abbas
741 2437 921 2503 Villaricnsis
940 2437 1063 2511 electus,
1082 2438 1162 2501 oneri
1187 2438 1296 2501 collum
1320 2435 1384 2500 sub·
1474 2495 1476 2516 ἰ

357 2538 446 2601 misit.

396 2642 442 2702 Vi.
466 2639 636 2704 Guiliclmuo
660 2645 694 2704 de
712 2643 883 2722 mepenoete
903 2661 938 2704 cx
958 2641 1054 2725 priore
1074 2640 1162 2704 abbas
1187 2641 1384 2712 renuntiatus,

355 2739 461 2803 obiisse
475 2739 582 2803 dicitur
596 2754 660 2826 post
675 2743 773 2806 docem
787 2762 881 2806 annos
894 2741 1059 2824 regiminis,
1072 2742 1136 2805 aliis
1149 2745 1226 2805 tnta
1239 2740 1289 2806 dic
1303 2746 1321 2804 b
1336 2761 1385 2804 no-

356 2843 492 2916 vembris,
514 2844 579 2908 aliis
596 2849 687 2920 tart,
704 2859 789 2930 prout
812 2846 922 2909 scilicet
944 2846 1022 2909 taric
1041 2845 1159 2909 ducitur
1182 2845 1245 2929 ejus
1270 2845 1383 2908 initium

358 2944 520 3026 dignitatis.

394 3051 452 3110 Vll.
474 3047 1384 3134 chrioustieMelsbroocit,expriorcVillaricnsiornatusabbns
1473 3081 1476 3140 3

356 3150 424 3213 Loci
442 3151 470 3212 S.
490 3150 642 3223 barnardi,
663 3151 768 3214 rexisse
783 3150 874 3215 fertur
888 3173 980 3214 annos
992 3152 1108 3214 circiter
1125 3154 1181 3224 25,
1198 3150 1287 3214 initio
1302 3150 1384 3214 ducto
1473 3149 1475 3210 i

357 3252 460 3314 aban.
484 3256 578 3325 127&
599 3251 748 3335 pauciores
769 3272 853 3327 vcro,
876 3253 900 3316 si
923 3252 1046 3316 ducatur
1065 3252 1101 3314 ab
1120 3273 1168 3314 an.
1196 3255 1287 3316 1276.
1308 3250 1385 3315 Obiit

357 3352 434 3414 onim
456 3375 493 3414 xn
514 3352 566 3414 cal.
587 3374 647 3436 apr.
669 3373 716 3416 an.
738 3357 829 3429 1296,
846 3354 882 3417 ad
903 3375 989 3438 quam
1010 3353 1086 3416 diem
1108 3353 1172 3416 vide
1190 3353 1382 3434 Menoioginm

356 3454 474 3517 Cistena.
488 3457 564 3516 Sane
580 3453 698 3517 interim
719 3455 773 3517 boc
791 3455 854 3538 ipso
869 3475 915 3518 an.
937 3457 1015 3519 1296
1031 3475 1046 3516 a
1060 3458 1195 3518 ioannoi
1214 3454 1383 3517 Brabantiao

356 3554 428 3619 duce
449 3555 595 3636 legatione
611 3556 641 3618 in
661 3557 796 3636 Angiiam
818 3556 1021 3618 cohonestatus
1041 3568 1085 3618 cst
1109 3555 1146 3618 ad
1167 3553 1381 3618 matrimonium

356 3656 432 3720 inter
443 3656 534 3720 utinm
546 3657 628 3720 ducis
642 3670 670 3720 et
686 3656 774 3720 filiam
790 3659 867 3740 rogis
881 3657 1109 3731 conciliandum
1123 3656 1259 3740 idemque
1272 3657 1383 3720 circitor

389 3892 396 3923 ¹
415 3893 459 3946 atii
472 3895 555 3947 dicunt
565 3897 623 3948 1961
632 3913 640 3962 3
649 3897 690 3948 sed
703 3905 789 3949 neutro
800 3905 908 3963 tempore
919 3912 995 3949 vacua
1003 3896 1143 3964 eratsedcs,
1153 3895 1198 3949 nisi
1206 3895 1269 3950 forto
1278 3896 1318 3964 qui
1328 3904 1382 3948 tnnc

354 3990 464 4048 praeerat
476 3981 550 4034 abbas
561 3982 646 4034 cedere
657 3982 760 4036 volebat.
