3034 4908
790 390 803 481 (
829 385 902 460 256
929 391 942 483 )
1044 433 1046 438 ·

352 525 495 597 dominia,
515 524 633 607 ejusque
653 523 763 586 domini
784 524 905 585 comites
927 523 963 584 de
977 523 1090 584 Wesele
1106 525 1267 608 nuncupati
1286 524 1388 592 luere,

352 627 429 690 uude
444 626 526 688 lluxit
539 645 646 688 nomeu
661 627 683 686 ’s
700 625 898 687 Grareuwesel
911 645 960 686 seu
981 625 1108 690 Wesulia
1122 627 1254 690 Comitis.

393 732 477 790 Anno
502 729 579 790 1308
603 726 772 788 nominatur
791 726 869 788 iuter
890 725 1042 808 parochias
1064 745 1155 808 prope
1176 725 1386 808 Autrerpiam‚

351 849 473 913 quarum
493 828 560 910 jura
580 838 609 888 et
629 827 745 910 praedia
772 826 916 889 Gerardus
939 825 1028 887 abbas
1052 827 1262 911 Eyubameusis
1289 839 1388 888 trans-

352 930 454 1012 cripsit
467 929 497 989 in
516 927 648 990 abbatem
667 929 697 991 S.
714 926 861 989 Michaelis
880 927 1055 1010 Autrerpiee
1069 932 1090 1002 ¹,
1105 929 1154 1012 qui
1169 949 1204 992 eo
1218 927 1308 992 titolo
1323 928 1387 989 col-

351 1031 487 1094 lationem
502 1047 588 1090 eurae
599 1025 750 1110 pastoralis
763 1027 925 1090 obtinuisse
939 1027 1063 1090 videtur.

391 1130 518 1195 Ecclesia
533 1141 685 1212 patronam
700 1129 787 1192 babet
801 1131 831 1192 S.
844 1128 1041 1192 catharinam.

619 1311 621 1316 ·
705 1293 742 1343 tl.
761 1296 909 1344 Hururssau.
928 1295 953 1343 C.
971 1293 1028 1343 550.

393 1418 617 1481 Nomenclatura
639 1417 727 1500 hujus
741 1418 822 1501 pagi,
840 1417 876 1480 ad
897 1417 1027 1481 dextram
1047 1418 1178 1481 Schaldis
1200 1420 1293 1502 ripam
1315 1419 1385 1491 siti,

352 1523 459 1583 mirum
475 1521 505 1582 in
520 1520 638 1583 modum
652 1521 790 1593 variavit,
805 1520 913 1601 legitur
926 1521 1003 1582 euim
1020 1522 1216 1592 flamineam,
1236 1523 1385 1583 Homine·

350 1643 420 1694 scm,
433 1623 614 1694 Heimicsem,
629 1622 794 1694 Hemecem,
804 1621 961 1683 Hemissem
976 1633 1005 1682 et
1017 1621 1190 1684 Hemesbcm.
1203 1621 1274 1703 Ejus
1287 1621 1386 1682 domi-

352 1725 433 1786 uium
449 1721 622 1784 Brabautiae
640 1721 728 1784 duces
752 1721 944 1785 haereditario
956 1721 1023 1803 jure
1043 1732 1199 1783 tenuerunt
1219 1722 1250 1782 in
1269 1741 1384 1784 anuum

353 1827 445 1895 tota,
464 1843 521 1904 quo
544 1843 593 1884 rex
611 1821 816 1904 Hispaniarum
841 1822 994 1905 Philippus
1017 1825 1054 1884 lV
1077 1821 1151 1886 illud
1174 1823 1384 1906 possidendum

352 1922 536 2006 transcripsit
551 1922 761 1986 Alexandrinae
773 1923 810 1986 de
824 1926 899 2007 llye,
914 1923 1128 1986 comitissae‘de
1140 1925 1246 1986 Tussis.

393 2029 424 2086 lu
440 2026 528 2087 choro
546 2025 696 2098 ecclesiae,
708 2027 737 2087 S.
755 2023 873 2087 Nicolao
891 2044 1001 2098 sacrae,
1016 2024 1177 2088 honorilice
1192 2025 1386 2088 conditusest

353 2127 466 2190 tumulo
485 2127 629 2189 Antonius
647 2147 664 2187 n
685 2125 856 2198 brabantia,
875 2124 952 2188 lilius
975 2125 1116 2188 naturalis
1139 2126 1279 2210 Philippi,
1299 2126 1385 2190 ducis

354 2225 542 2298 Brabautioe‚
557 2226 674 2290 comitis
688 2228 717 2288 S.
732 2225 815 2288 Pauli
824 2226 848 2288 ¹.

391 2333 443 2392 Jus
453 2337 622 2409 potronatus
636 2325 762 2409 primum
777 2325 898 2388 attinuit
911 2326 1062 2390 monachis
1072 2327 1276 2400 lobiensibus,
1288 2328 1384 2390 donoc

352 2429 425 2492 illud
444 2449 511 2492 cum
528 2439 684 2511 patronatu
700 2426 736 2489 de
752 2425 875 2490 Conticb
889 2427 1012 2511 aliisque
1031 2428 1267 2511 transcripserint
1287 2429 1384 2491 cardi-

306 2547 309 2550 ·
352 2529 411 2591 nali
425 2528 628 2601 Granvellauo,
644 2527 722 2589 unde
732 2526 860 2590 manavit
873 2526 909 2589 ad
921 2527 1056 2590 dominos
1069 2527 1106 2589 de
1116 2529 1275 2611 Cautecroy
1287 2531 1311 2591 ⁵.

716 2692 756 2742 15.
772 2693 895 2742 Horonon.
914 2693 940 2742 C.
958 2693 1014 2742 600,

392 2819 496 2878 Fertur
510 2814 675 2888 ecclesiam,
690 2837 763 2898 quae
774 2819 806 2876 B.
818 2816 937 2877 Mariam
948 2815 1100 2895 Virginem
1112 2816 1265 2880 tutelarem
1278 2817 1381 2888 babet,

352 2938 404 2999 per
424 2918 606 2992 lietardum,
627 2918 793 3000 episcopum
813 2919 1047 2979 Cameracensem
1064 2938 1112 2980 an.
1133 2923 1213 2981 1155
1232 2918 1384 2980 canonicis

352 3019 713 3101 Autrerpieusibusluisse
731 3017 911 3080 attributam.
930 3012 1124 3082 Conferebaut
1141 3017 1184 3080 illi
1199 3038 1299 3080 curam
1318 3037 1384 3100 pas·

354 3119 482 3183 toralom.
498 3122 538 3182 [le
553 3119 775 3202 Brigittinarum
791 3119 930 3181 coenobio
943 3119 1053 3182 dictum
1069 3131 1113 3181 est
1126 3139 1212 3202 supra
1226 3139 1255 3201 p.
1270 3121 1340 3180 230.

702 3283 742 3333 16.
760 3283 828 3332 Horu
846 3283 870 3332 S.
888 3283 1032 3332 brunonem.

393 3409 567 3467 Patronatus
581 3405 717 3468 ecclesiae
728 3405 867 3488 spectavit
878 3406 1004 3487 primum
1017 3405 1052 3466 ad
1063 3404 1196 3466 abbatom
1208 3403 1384 3467 bobiensem

384 3623 393 3653 ¹
411 3624 479 3690 Apud
492 3622 622 3689 ldbaeum,
634 3630 694 3674 tom.
706 3625 740 3689 11,
752 3639 776 3688 p.
791 3625 863 3674 1⁰12.

384 3710 543 3761 'Tumulum
561 3710 586 3760 in
605 3725 645 3760 aes
665 3709 738 3761 incidi
758 3709 850 3761 curarit
867 3710 900 3760 bc
917 3711 980 3774 bey,
997 3715 1069 3772 prout
1089 3707 1157 3759 illum
1178 3706 1238 3760 vidit
1251 3723 1292 3758 ao.
1310 3709 1385 3760 tote

351 3794 410 3845 Vide
421 3811 459 3859 op.
473 3796 512 3845 cit.
524 3811 548 3860 p.
560 3798 617 3846 tte.

371 3883 395 3911 '⁸
411 3883 470 3931 Vide
482 3897 566 3948 supra,
578 3898 603 3947 p.
617 3884 675 3932 ate.
