3012 4912
813 527 928 626 180)

353 683 441 734 tatem
459 683 488 733 et
498 669 574 753 juris
584 669 680 752 gallici
699 669 862 732 nullitatem
878 671 1069 754 perspiciens,
1084 669 1178 753 palam
1192 690 1209 731 a
1221 690 1322 733 mense
1336 691 1388 734 oe-

354 773 431 837 tobri
452 771 579 856 ejusdem
594 773 663 835 unni
685 775 762 835 1718
778 772 922 855 professus
936 783 979 834 est
993 793 1023 834 se
1037 761 1105 833 huie
1120 770 1180 834 serli
1200 773 1385 834 renunciare.

354 873 556 946 Postmodum,
576 872 687 935 seilicet
705 872 836 934 kalendis
859 872 995 934 februarii
1020 875 1113 944 1758,
1135 870 1291 935 abeodem
1314 892 1386 954 rege

354 975 521 1036 nominatus
535 986 578 1036 est
592 974 744 1057 episeopus
758 974 915 1036 adurensis
930 975 959 1035 in
975 972 1125 1036 Vaseonia.

398 1075 532 1156 Interim,
547 1075 615 1137 lieet
628 1075 783 1159 Antverpia
803 1075 857 1137 sub
870 1074 1016 1137 Gallorum
1031 1073 1103 1157 jugo
1121 1073 1281 1136 etiamnum
1301 1073 1385 1156 inge·

356 1177 504 1248 miseeret,
526 1178 692 1260 imperatrix
707 1177 795 1238 Maria
814 1176 947 1238 Therasia
963 1197 997 1237 ex
1015 1187 1094 1238 certo
1115 1189 1144 1237 et
1164 1175 1282 1238 incusso
1299 1175 1386 1258 jure,

358 1279 413 1340 sibi
425 1279 454 1340 in
468 1279 631 1362 prouincias
642 1278 772 1358 Belgiras
783 1289 978 1361 competente,
992 1298 1090 1338 mense
1101 1275 1205 1338 martio
1216 1277 1285 1339 anni
1303 1281 1384 1340 1718

355 1381 392 1444 ad
403 1393 551 1442 vacantem
566 1381 762 1463 episcopatum
777 1379 1015 1462 antverpiensem
1030 1380 1229 1442 nominaverat
1239 1382 1382 1442 loannem

354 1483 513 1545 Antonium
526 1482 561 1544 de
572 1482 716 1555 Rohiano,
729 1483 958 1555 Bruxellensem,
969 1485 997 1544 S.
1009 1484 1041 1543 Τ.
1054 1485 1096 1554 L,
1108 1503 1124 1543 e
1134 1481 1274 1544 canonico
1289 1482 1382 1544 nobili

353 1585 493 1666 graduato
503 1605 536 1646 ae
548 1584 768 1666 poenitentiario
785 1583 922 1645 eeclesiae
938 1582 1175 1667 metropolitanae
1190 1581 1383 1647 Mechlinien-

353 1686 392 1748 sis
414 1685 696 1748 Ruraemundensem
718 1685 884 1768 episcopum
904 1684 939 1746 ab
963 1705 1040 1748 auno
1061 1687 1141 1748 1716
1162 1685 1381 1766 inauguratnm.

353 1791 489 1868 Magnum
502 1808 569 1868 erga
583 1785 666 1847 illum
682 1785 840 1868 praesulem
851 1785 1177 1868 eratAntverpiensium
1192 1785 1382 1848 desiderium.

353 1889 433 1952 lllins
446 1887 523 1950 enim
539 1886 737 1969 progenitores
752 1876 782 1948 il
798 1907 829 1948 ea
844 1885 916 1948 urbe
927 1886 1051 1968 publicis
1063 1887 1172 1950 muniis
1183 1887 1302 1970 egregie
1316 1909 1382 1970 per-

355 1989 447 2052 luneti
460 2001 557 2062 eraut,
572 2000 601 2050 et
614 1988 668 2050 viri
681 1987 782 2050 merita
793 2008 809 2050 e
821 1987 914 2050 vicino
927 1987 1032 2070 oppido
1044 1987 1197 2052 Meolrlinia
1213 1989 1301 2072 paulo
1313 2002 1382 2052 ante

354 2103 507 2174 conspecta
524 2104 552 2153 et
570 2090 704 2153 omnihus
723 2104 800 2152 nota.
820 2093 860 2152 Ea
877 2089 977 2173 utique
997 2088 1080 2152 illum
1101 2091 1223 2157 summis
1236 2111 1328 2174 aeque
1347 2113 1381 2154 ae

354 2192 464 2255 intimis
477 2191 707 2275 acceptissimum
720 2189 918 2262 reddiderant;
931 2202 1057 2252 attamen
1073 2205 1228 2273 conceptus
1238 2212 1308 2273 erga
1322 2192 1382 2274 pri-

355 2314 431 2356 mam
454 2314 534 2355 suam
557 2312 705 2376 sponsum,
726 2290 1009 2354 Ruraemundensem
1032 2290 1196 2364 eeclesiam,
1212 2291 1333 2356 allectus
1353 2304 1383 2354 et

357 2406 475 2456 mutuus
499 2393 604 2454 civium
629 2414 711 2454 amor
737 2392 806 2454 adeo
827 2393 1022 2474 praevaluere,
1048 2404 1080 2454 ut
1103 2413 1196 2476 neque
1219 2393 1382 2455 amicorum

357 2494 489 2579 precibus
510 2515 602 2578 neque
617 2496 719 2556 iterato
734 2494 905 2556 Viennensis
919 2493 1000 2556 aulae
1015 2493 1096 2575 jussu
1120 2493 1219 2555 induci
1242 2515 1381 2578 umquam

356 2595 491 2680 potuerit,
500 2608 533 2657 ut
544 2595 665 2678 primam
676 2615 756 2656 suam
768 2594 916 2657 eeclesiam
929 2593 1097 2667 dimitteret,
1108 2607 1138 2657 et
1148 2596 1222 2657 hano
1233 2616 1382 2678 sponsam,

352 2697 421 2760 lieet
431 2710 560 2766 tenuem,
574 2707 692 2778 propter
704 2695 839 2757 ditiorem
855 2685 1039 2777 relinqueret.
1054 2698 1154 2778 ltaque
1168 2695 1289 2758 ineunte
1303 2713 1381 2758 anno

356 2801 434 2862 1719
445 2796 564 2859 omnino
574 2795 686 2858 oblatae
696 2795 756 2858 sedi
769 2793 951 2868 renuueians,
964 2794 1114 2858 Dominieo
1124 2793 1160 2856 de
1170 2796 1273 2858 Gentis
1283 2795 1382 2859 locum

356 2898 434 2961 feeit.

807 3197 829 3270 a.
851 3194 922 3256 xvr.

615 3401 781 3460 lloruinions
795 3401 829 3460 de
845 3399 956 3472 Gentis,
970 3401 999 3461 X
1003 3401 1117 3479 Vepiso.

400 3600 567 3664 Dominieus
583 3599 619 3661 de
631 3599 743 3672 Gentis,
759 3599 906 3661 Erkliuiae
920 3599 1041 3663 ducatus
1053 3601 1223 3664 iuliacensis
1242 3603 1385 3686 oppidulo

360 3705 513 3779 oriundus,
529 3703 638 3766 ordinis
652 3707 784 3765 Fratrum
801 3703 1033 3765 praedicatorum
1049 3706 1078 3766 S.
1093 3704 1266 3786 Tlreologiae
1276 3707 1385 3788 magis-

361 3821 406 3872 ter
425 3821 454 3870 et
473 3808 503 3869 in
523 3805 710 3869 universitate
734 3803 899 3867 Coloniensi
920 3803 1021 3866 doctor
1043 3825 1076 3866 ao
1098 3805 1256 3888 professor,
1279 3807 1386 3871 deinde

361 3912 470 3972 Romae
480 3908 680 3972 Casanatensis
695 3903 885 3966 bibliothecae
901 3904 1065 3986 theologus,
1076 3908 1105 3967 S.
1117 3907 1212 3968 Officii
1224 3909 1386 3978 consultor,

360 4010 480 4092 aliisque
493 4018 613 4071 ornatus
627 4005 750 4077 muniis,
765 4025 842 4068 anno
858 4008 937 4069 1718
954 4004 990 4066 ab
1004 4005 1186 4090 imperatrice
1205 4009 1295 4072 Maria
1311 4009 1386 4072 The·
