2978 4916
536 485 685 582 (aaa)

94 623 260 704 jurisdictio
274 620 476 716 antverpiensi
491 621 656 683 concredita
671 634 860 704 permaneret.
876 622 923 687 Sic
939 621 1045 683 tactum
1066 633 1121 696 est,
1224 637 1227 644 '

96 737 129 784 ut
138 745 172 792 ex
181 723 298 785 iliorum
310 723 511 804 episcoporum
523 722 730 803 praerogativis
745 723 895 804 episcopus
906 723 1124 804 Antrerpiensis

96 823 230 886 habuerit
249 823 434 886 collationem
457 819 666 885 nonnullorum
693 833 891 905 pastoratnnm
911 843 945 884 ac
970 821 1123 884 beneficio-

96 944 161 987 rum
177 928 200 984 ¹.

137 1023 245 1086 Eadem
266 1022 344 1084 bulla
363 1021 513 1105 pontificia
532 1022 696 1085 instituitur
711 1027 1006 1102 archipresbyteratus
1023 1029 1125 1086 ciuita-

96 1129 183 1186 tensis
194 1143 254 1202 pro
267 1144 325 1184 uno
338 1126 585 1202 archipresbytero
603 1127 764 1185 civitatensi
777 1129 828 1204 qni
842 1125 871 1184 in
889 1123 1007 1185 civitate
1022 1145 1125 1186 curum

95 1236 239 1287 rectorum
262 1227 481 1302 parochialium
507 1227 689 1286 ecclesiarum
713 1225 827 1287 baberet
852 1223 883 1298 ’ς
908 1225 1035 1306 reliquae
1058 1245 1125 1288 vero

96 1326 234 1389 ecclesiae
251 1327 281 1387 in
301 1325 426 1388 dioecesi
445 1327 600 1388 existentes
619 1327 740 1390 arbitrio
761 1326 889 1410 episcopi
910 1326 1126 1389 distribuendae

96 1427 224 1489 orantia
240 1427 405 1489 decanatus.
420 1430 486 1490 Mox
496 1427 593 1510 itaque
604 1438 669 1510 post
682 1427 888 1490 admissionem
903 1428 970 1488 novi
985 1429 1124 1511 episcopi,

96 1547 174 1588 anno
187 1527 299 1588 scilicet
316 1530 393 1590 1570
404 1527 458 1589 sub
473 1527 626 1590 Francisco
638 1528 763 1598 Somnio,
776 1528 959 1610 episcopatus
970 1541 1049 1590 extra
1060 1529 1126 1590 civi-

97 1637 187 1689 tatem
210 1626 320 1689 divisus
343 1627 398 1689 iuit
418 1629 449 1690 in
474 1649 521 1690 sex
544 1627 700 1690 decanatus
720 1648 772 1712 pro
792 1629 914 1695 totidem
939 1628 1056 1690 decanis
1075 1650 1126 1691 sen

96 1729 355 1813 archipresbyteris
383 1728 541 1802 ruralibus,
569 1729 624 1790 hoc
655 1729 787 1791 ordine:
821 1734 847 1790 1.
876 1729 1126 1811 Antverpienscm

97 1833 127 1890 b.
144 1833 304 1912 Lyrannm,
322 1833 351 1891 b.
366 1828 634 1900 Herendalienscm‚
652 1833 681 1891 d.
700 1831 960 1908 Hoogstratanum,
975 1835 1003 1892 5.
1022 1830 1127 1892 Breda-

96 1949 184 2001 nnm,
204 1931 233 1990 6.
256 1931 429 2010 Bergensem
451 1930 486 1991 ad
509 1933 637 1991 Zomam.
658 1933 770 1992 Horum
790 1930 981 1993 decanatuum
1003 1944 1127 2012 quatuor

98 2033 213 2115 priores
227 2033 263 2094 ab
277 2033 443 2116 episcopatu
458 2033 671 2104 Cameracensi,
686 2035 859 2116 posteriores
874 2033 931 2096 duo
945 2055 961 2095 a
976 2035 1126 2097 Leodiensi

94 2133 282 2215 potissimum
297 2133 441 2217 desumpti
453 2135 579 2196 suerunt.
593 2137 636 2195 An
647 2154 748 2196 omnes
759 2135 807 2194 isti
820 2135 975 2196 decanatus
989 2148 1072 2196 antea
1087 2137 1126 2196 ita

96 2233 284 2297 substiterint
300 2229 353 2297 sub
373 2235 519 2318 prioribus
536 2235 702 2317 respectivis
719 2234 944 2318 episcopatibus,
960 2255 1018 2297 non
1043 2236 1127 2316 plane

96 2336 201 2418 liquet;
213 2336 315 2397 saitem
326 2336 428 2398 divisio
440 2335 556 2397 illorum
568 2357 627 2398 non
638 2335 680 2398 sic
690 2337 785 2409 stetit,
795 2356 862 2398 nam
874 2337 957 2418 plura
967 2335 1042 2410 loca,
1055 2357 1127 2420 quae

96 2436 169 2497 olim
181 2435 300 2498 inerunt
313 2436 367 2497 sub
382 2436 548 2518 episcopatu
567 2435 735 2510 laodiensi,
749 2434 810 2518 jam
824 2436 893 2499 inde
908 2435 944 2497 ab
958 2457 1035 2498 anno
1049 2441 1126 2500 1570

95 2537 286 2599 decanatibus
299 2538 502 2618 Antrerpiensi
517 2550 546 2600 et
561 2541 774 2620 Hoogstratano
787 2537 916 2620 subjecta
931 2537 1078 2620 teguntur.

138 2640 215 2700 Loca
230 2637 353 2718 singulis
374 2636 561 2700 decanatibus
581 2640 727 2720 assignata
744 2651 895 2700 enumerat
908 2639 1076 2701 Diercxscns
1093 2660 1125 2701 ex

94 2738 188 2800 veteri
200 2738 323 2818 registro
335 2738 498 2801 Landecani
509 2739 727 2822 Antrerpiensis
741 2743 764 2800 ³.
775 2742 861 2801 Hunc
875 2739 1000 2801 indicem
1013 2740 1125 2815 'contuli

94 2859 165 2903 cnm
182 2838 272 2900 attero
286 2838 382 2901 indice
395 2842 470 2909 MS„
484 2836 539 2901 sub
556 2841 681 2901 Laevino
700 2839 854 2900 Torrentio
868 2851 999 2912 exarato,
1016 2851 1045 2902 et
1059 2860 1126 2903 cum

93 2943 187 3004 Libro
198 2941 438 3009 archidiaconali,
449 2936 548 3000 codice
559 2941 616 3001 MS.
628 2958 675 2999 an.
693 2940 771 3000 1718
786 2937 927 3000 coniecto.
939 2941 981 2999 Ex
995 2959 1026 2999 ea
1038 2939 1126 3002 colla-

94 3042 178 3104 tione
191 3037 321 3119 comperi
335 3039 398 3100 loca
412 3034 552 3121 quaedam
567 3050 704 3122 tanquam
719 3038 755 3100 ad
770 3037 924 3101 dioecesim
937 3040 1126 3122 antverpien-

94 3161 159 3203 sem
175 3138 335 3222 spectantia
354 3139 385 3200 in
405 3141 494 3200 aucta
510 3140 649 3201 Limitnm
666 3139 830 3200 enumerari
847 3142 875 3212 ⁴,
891 3159 964 3222 quac
980 3150 1076 3202 tamen
1094 3140 1124 3201 iu

96 3241 235 3322 Registro
248 3260 265 3301 a
280 3240 450 3301 Diercxsens
464 3239 553 3301 citato
567 3251 596 3302 et
606 3241 636 3302 in
651 3241 742 3302 attero
753 3251 853 3301 nostro
866 3239 961 3301 indice
978 3241 1034 3300 MS.
1046 3259 1080 3300 ac
1095 3240 1125 3300 in

95 3344 188 3405 Libro
208 3343 440 3402 archidiaconali
460 3359 518 3401 non
541 3352 737 3402 recensentur.
756 3343 779 3402 tt
796 3352 897 3402 contra
915 3341 944 3401 in
960 3338 1053 3400 trihus
1068 3339 1126 3400 illis

94 3439 281 3504 documentis
308 3439 390 3522 plura
419 3440 603 3522 reperiuntur
627 3440 690 3502 ioca
717 3461 790 3524 quae
815 3441 844 3502 in
870 3442 958 3502 Bulla
987 3442 1125 3502 Limitum

131 3646 140 3674 ¹
159 3645 194 3694 Eo
202 3642 353 3693 etiamtitnlo
363 3625 501 3692 conserebat
510 3649 565 3692 octo
573 3642 728 3692 canonicatus
737 3641 879 3692 Turnhonti.
890 3639 1028 3706 Girsupra,
1039 3655 1060 3703 p.
1071 3633 1124 3691 ttt.

131 3731 142 3761 ¹
158 3729 218 3779 Vide
229 3743 314 3794 supra,
326 3743 350 3791 p.
363 3729 417 3778 tat.

132 3815 143 3844 ⁸
160 3814 204 3878 Op.
214 3813 253 3864 cit.
268 3819 325 3863 tom,
338 3813 414 3878 lV,p.
426 3812 482 3862 109.

131 3902 140 3931 ⁴
159 3899 227 3952 Talia
245 3908 301 3949 sunt
321 3900 412 3964 Batia,
429 3900 537 3950 Berccbt
550 3898 636 3962 (panto
654 3897 716 3947 intra
735 3903 870 3946 recensetur
883 3899 1004 3963 Errabat),
1022 3898 1046 3947 S.
1061 3900 1119 3948 Ber-

96 3988 209 4050 nardus,
225 3986 355 4048 Dcnrtcn‚
371 3983 450 4034 Etcbc
456 4021 464 4047 ,
477 3985 631 4046 dimanaret,
646 3985 675 4032 c'n
686 3983 706 4032 't
718 3983 815 4046 Kucm,
831 3984 930 4032 Tertocr
942 3992 965 4033 et
977 3983 1074 4033 Zoerte.
