2990 4918
580 433 706 538 (951

125 573 208 639 titulo
221 577 578 657 Cornmlcetonroyoledra
589 579 683 644 tenco
698 577 880 659 designatum
898 577 1039 642 Bruxellis
1048 577 1159 662 aliquot

124 679 207 740 annis
220 677 313 758 riguit
329 682 351 739 ¹.

161 779 208 842 Ob
221 793 301 844 tanta
316 780 345 842 io
358 779 565 862 rempublicam
579 781 681 843 merita
692 794 720 844 et
732 781 877 861 egregiam
894 783 1035 846 virtutum
1051 781 1157 846 lamam
1217 781 1219 784 ’

122 881 156 943 ad
170 881 338 944 cathedram
354 882 591 965 Antvecpiensem
607 882 774 944 nominatus
791 894 834 946 est
847 885 870 944 ².
887 884 1076 965 Episcopatus
1093 883 1158 966 qni-

122 981 185 1044 dem
202 981 266 1064 ejus
279 982 385 1044 incidit
403 983 433 1044 in
452 995 581 1064 tempora
595 981 775 1045 difficillima.
790 983 905 1046 Nemini
925 983 1002 1046 enim
1024 983 1158 1063 ignotum

121 1096 176 1153 est,
201 1083 319 1166 quantis
343 1082 379 1144 ab
403 1102 480 1144 anno
504 1086 595 1154 1781,
613 1082 736 1165 losepho
759 1087 781 1144 ll
799 1084 987 1166 imperatore,
1012 1084 1159 1166 praesules

121 1184 214 1246 nostri
231 1204 282 1266 per
295 1184 463 1246 sexennium
478 1183 637 1246 coollictati
654 1182 761 1246 luerint
776 1183 929 1259 molestiis,
944 1205 1087 1267 quamque
1100 1184 1158 1250 sol·

120 1283 217 1346 licitos
228 1304 278 1346 eos
288 1284 405 1347 baberet
421 1285 560 1366 cogitatio
574 1305 639 1346 cnm
655 1285 742 1346 ollicii
759 1299 818 1346 turn
835 1284 954 1366 periculi
969 1287 1024 1348 soi.

160 1389 259 1468 vagus
274 1386 390 1467 quidem
406 1406 440 1448 ac
461 1386 589 1448 incertos
604 1407 704 1446 rumor
720 1385 774 1449 fnit
788 1385 928 1474 Nelisium
944 1407 1002 1448 ooo
1017 1387 1078 1452 suis
1093 1399 1157 1450 tan·

120 1499 182 1551 turn
199 1486 312 1550 meritis
324 1486 373 1548 sed
388 1486 599 1570 potentioribus
611 1486 755 1548 adulando
768 1487 802 1548 ad
819 1487 892 1548 hanc
907 1487 1078 1569 dignitatem
1094 1509 1158 1572 per·

119 1589 246 1659 venisse,
264 1608 387 1670 eumque
406 1587 489 1650 aulae
508 1587 637 1650 consiliis
663 1586 727 1670 plns
745 1608 835 1671 aequo
854 1587 957 1652 lavere.
976 1589 1065 1650 lnsita
1083 1589 1156 1666 ¹haec

118 1687 313 1772 quorumdam
328 1689 434 1750 animis
447 1689 546 1771 opinio
560 1689 639 1750 brevi
655 1701 784 1770 tempore
796 1687 907 1771 abjecta
921 1702 973 1752 est.

160 1793 254 1854 lmrno
274 1790 440 1854 invidorum
459 1791 650 1874 quorumdam
665 1791 784 1854 andacia
799 1813 833 1854 eo
854 1812 944 1874 usqne
959 1805 1152 1875 processerat,

152 1995 161 2026 ¹
187 1993 290 2046 Nelisius
309 2008 337 2044 ea
357 1993 482 2046 occasione
506 1991 642 2061 composuit
661 2012 667 2042 ι
687 1993 825 2045 Mc'motret
845 2007 893 2044 eur
912 1993 948 2044 loe
970 1993 1048 2044 e'cotet
1071 1999 1095 2043 et
1119 1995 1154 2044 let

117 2080 205 2132 etnder
220 2080 412 2145 d’ltnncnnt'te'e,
426 2087 481 2146 etc,
497 2087 514 2130 t.
530 2080 555 2130 I.
569 2080 723 2145 Acodc'rnt'e,
739 2095 801 2144 pop.
818 2095 875 2129 xcii.
896 2081 929 2128 Ex
947 2087 1015 2143 parte
1033 2094 1089 2129 vero
1104 2082 1154 2130 Gn·
1181 2101 1184 2108 ⁴

117 2167 195 2218 bernil
208 2168 267 2218 baec
277 2175 422 2216 emanarunt
433 2187 438 2216 :
452 2167 476 2216 1ο
484 2167 556 2216 Plan
563 2167 743 2230 prooe'rr'onncl
751 2165 863 2216 d'titudcs
873 2173 896 2214 et
907 2169 1077 2216 instructione
1086 2180 1155 2231 pour

117 2257 154 2305 les
169 2255 331 2318 ptolemeum
342 2257 384 2304 der
397 2255 491 2303 classes
506 2255 670 2317 respecttoee,
683 2254 751 2301 done
766 2253 800 2301 les
814 2255 986 2315 penstonnote
992 2289 1001 2316 ,
1014 2251 1118 2315 colle‘pee
1131 2259 1156 2304 et

116 2341 197 2392 &oleo
206 2341 343 2405 publiqnee
351 2353 409 2389 nnc
420 2339 562 2402 Papus-Bos
569 2375 577 2404 ,
589 2338 661 2404 1777,
672 2334 747 2404 in-l·,
760 2353 817 2404 pag.
831 2339 875 2405 nc,
889 2365 918 2374 -·
929 2339 955 2386 9⁰
966 2336 1112 2400 Replmnent
1123 2340 1154 2388 ds

115 2427 257 2490 dteetpttno
273 2432 297 2475 et
310 2428 341 2475 dc
355 2425 437 2488 polteo
451 2437 519 2487 poor
536 2424 571 2472 tm
587 2428 759 2488 praetonante
772 2429 796 2474 et
809 2424 912 2486 colteper
927 2425 971 2477 der
989 2424 1152 2489 Papa-Bne,

116 2513 252 2580 bruxelles,
271 2511 292 2561 le
305 2514 336 2564 22
348 2510 484 2576 septembre
497 2511 573 2575 1777,
591 2511 688 2574 placard
705 2509 784 2562 indol.
797 2511 828 2560 de
840 2510 855 2558 8
868 2525 954 2576 pages3
970 2540 991 2546 -
1010 2510 1036 2558 ὅθ
1050 2511 1153 2560 Ordon-

115 2613 204 2650 nanae
214 2601 245 2652 de
256 2598 282 2650 S.
296 2599 332 2648 dl.
344 2612 392 2647 cnr
403 2598 438 2648 les
451 2596 619 2646 retributione
632 2595 650 2644 d
661 2611 745 2660 poper
756 2611 813 2646 acc
822 2596 982 2660 professenrs
999 2595 1136 2646 litteratam
1142 2631 1151 2660 ,

115 2700 180 2737 totta
192 2687 213 2735 le
226 2699 286 2735 nom
296 2686 328 2733 de
340 2698 499 2748 rinsnvntu,
509 2682 644 2746 llrnxelles,
656 2685 688 2732 tt
700 2681 835 2746 septembre
848 2682 924 2746 tlte,
938 2681 1025 2748 in-lol.,
1037 2681 1053 2730 t
1064 2697 1152 2748 peges,

118 2800 148 2806 -
161 2770 189 2820 4⁰
198 2771 262 2820 Note
281 2771 405 2820 toncltont
421 2769 455 2818 les
471 2776 669 2830 orronpcmcnts
690 2768 787 2817 recoles
801 2783 854 2830 por
869 2767 894 2817 S.
912 2767 948 2818 M.
966 2767 984 2816 ἁ
999 2767 1100 2830 l'e'pord
1109 2771 1153 2818 des

116 2858 207 2908 eludes
223 2859 288 2907 etde
300 2856 495 2906 l'ddccott'onde
508 2854 661 2917 lojeuneese
675 2869 732 2904 oric
747 2855 901 2918 Poys-Boe,
915 2853 1003 2920 in-lol.,
1014 2869 1070 2919 pag.
1085 2855 1108 2903 5,
1123 2883 1151 2892 -

115 2945 144 2993 5⁰
156 2943 273 3006 detclte
284 2943 415 3006 odo-ceree,
426 2955 479 3003 por
490 2942 517 2989 tn
531 2941 703 2991 Commtsn'on
714 2942 804 3004 ropotc
816 2943 860 2990 dee
872 2940 971 3006 eudes,
984 2953 1042 2990 cna
1052 2943 1154 3003 prtnct-
1224 2947 1226 2952 '

111 3043 196 3094 poue
206 3028 394 3091 etprosereenrr
402 3029 445 3076 det
452 3029 638 3090 penctonnots,
650 3028 717 3076 done
730 3027 765 3075 133
775 3026 847 3076 otllcc
858 3025 1018 3093 flamander,
1031 3027 1062 3074 dn
1075 3027 1102 3076 11
1118 3025 1154 3075 11-

113 3115 185 3166 vrier
197 3115 273 3177 1778,
285 3116 334 3164 tts.
347 3111 426 3162 in·lol.
439 3111 469 3160 de
480 3112 495 3160 1
508 3126 591 3176 peges.
606 3111 669 3161 Editi
684 3111 782 3176 insuper
794 3112 892 3162 luerunt
902 3111 982 3175 plures
994 3111 1153 3160 elementares

113 3210 141 3253 et
155 3199 248 3250 classici
262 3199 329 3265 libri,
344 3198 432 3266 quibus
447 3196 576 3264 seligendis
592 3212 620 3247 ac
636 3197 773 3263 redigendis
788 3198 920 3262 plurimum
931 3213 1018 3262 operae
1035 3196 1153 3262 impendit

112 3291 190 3339 tois.
204 3288 251 3336 Des
264 3289 371 3349 ltocrres,
381 3287 517 3334 actuarius
528 3287 615 3346 reptat
629 3283 834 3343 Commissionis.

151 3371 164 3401 ¹
181 3374 222 3424 llis
234 3372 312 3424 verbis
323 3372 353 3422 ad
366 3371 483 3435 amicum,
500 3371 521 3419 ei
533 3371 698 3436 gratulantem
714 3370 797 3419 desua
815 3370 845 3419 ad
860 3369 922 3418 hanc
933 3366 1078 3435 dignitatem
1095 3383 1152 3432 pro-

111 3457 237 3524 motione,
250 3457 355 3522 scripsit,
365 3457 466 3520 epistola
478 3455 593 3506 Bruxellis
605 3457 638 3504 50
650 3455 783 3505 decembris
793 3455 858 3504 1748
866 3456 922 3504 data
934 3473 940 3504 z
951 3455 978 3504 Il
986 3463 1023 3504 ert
1032 3454 1152 3517 toujourr

110 3559 157 3596 un
169 3559 218 3607 peu
233 3543 393 3593 ernborroeed
403 3557 430 3592 ce
436 3557 537 3606 ponere
546 3541 638 3604 indque
649 3541 716 3593 d’nn
730 3543 862 3605 bonnenr,
877 3553 925 3603 pne
937 3541 1122 3590 certotnement
1132 3538 1154 3590 tl

111 3647 151 3684 ne
163 3630 422 3694 rectercltojomote,
437 3636 463 3679 ct
473 3633 520 3693 piei
530 3631 661 3679 contrarie
669 3629 704 3678 les
716 3641 793 3678 coum
804 3628 838 3676 tes
847 3628 1050 3690 ptos-constante
1061 3628 1091 3676 de
1103 3640 1152 3678 son

110 3731 193 3770 coeur.
205 3702 267 3768 Etre
279 3715 378 3766 cnterre'
389 3718 517 3764 duntone
528 3713 695 3779 bibliotheque
707 3716 749 3762 ent
759 3713 796 3762 e'td
803 3727 851 3762 son
863 3713 1003 3776 ambition,
1018 3725 1113 3762 comme
1124 3712 1152 3760 la

111 3805 196 3857 cdtre.
214 3807 260 3854 An
272 3810 351 3867 reete,
362 3804 474 3867 potsque
491 3802 512 3850 le
523 3809 577 3850 sort
591 3815 623 3849 en
636 3808 673 3851 est
680 3798 758 3862 jete'...
771 3799 800 3861 je
817 3799 934 3848 octonae·
945 3798 1112 3862 d'nccompltr
1123 3799 1150 3846 lu

111 3893 190 3943 racto
202 3906 234 3940 en
246 3897 314 3940 tonte
321 3889 419 3952 justice
427 3907 438 3938 .·
449 3888 479 3950 je
491 3890 512 3937 le
529 3887 612 3937 distre
622 3903 659 3936 oo
676 3889 776 3950 moins,
792 3893 816 3936 et
830 3885 900 3936 Dico
917 3892 954 3935 eet
967 3889 992 3934 31
1005 3885 1069 3948 bon,
1084 3885 1151 3949 qn’t'l

108 3977 199 4044 prend
212 3977 247 4026 lca
258 3975 355 4041 dc'n'rr,
367 3975 499 4040 loroqu'tle
511 3981 568 4023 sont
581 3971 694 4022 stncdret
700 4008 709 4038 ,
720 3985 789 4036 pour
800 3974 845 4021 des
856 3971 932 4036 effeto.
