3034 4908
569 471 719 570 (soa)

123 599 210 662 minit
231 601 403 665 Brahantiae
423 605 481 666 dux
504 609 646 672 hienricus
669 611 725 672 tin
745 610 846 676 literis.
859 613 964 696 quibus
982 635 1060 678 anno
1075 619 1154 680 tata

121 702 279 784 paciscitur
289 725 355 766 curn
366 705 522 769 Godeirido
534 708 643 772 Bredae
652 723 681 772 et
692 715 850 794 Bergarum
862 716 981 778 domino
992 717 1027 779 de
1039 717 1152 781 teloneo

121 823 172 866 seu
187 807 321 884 vectigali
335 807 412 888 quod
426 810 549 892 Strynae
562 811 592 872 in
608 813 742 874 Zeiandia
753 814 933 896 pendebatur
948 823 969 879 ¹.

162 909 259 987 Pagus
268 927 335 970 cum
350 910 468 972 ecclesia
483 913 649 994 parochiali,
662 917 691 976 S.
703 915 847 979 Matthaeo
858 919 1050 1000 evangelistae
1063 941 1152 994 sacra,

120 1027 261 1092 aquarum
281 1010 522 1074 inundationibus
541 1013 708 1097 depressus,
731 1017 823 1080 iactus
841 1031 885 1080 est
905 1020 1048 1104 appendix
1068 1042 1153 1104 paro·

120 1109 203 1173 chiae
216 1110 351 1196 deinceps
365 1113 396 1176 in
410 1115 637 1198 Hoogerbeyden
652 1129 763 1180 erectae
778 1121 878 1202 (supra
895 1140 976 1184 num.
990 1124 1050 1201 20).

500 1315 540 1367 fid.
557 1315 726 1369 Ounrnuoscu.
745 1320 771 1369 t..

123 1500 125 1506 ·
161 1461 257 1541 Pagus
276 1457 346 1522 olim
366 1459 461 1524 dictus
481 1463 667 1526 Baerlebosch
690 1463 839 1526 ecclesiam
860 1463 946 1528 habet
969 1468 997 1531 S.
1023 1468 1152 1551 Agathae

120 1563 241 1646 martyri
255 1562 441 1646 inscriptam,
453 1565 499 1627 cui
513 1563 601 1628 abbas
611 1569 640 1628 S.
656 1567 795 1630 Bernardi
809 1579 953 1652 pastorem
968 1571 1152 1634 etnonaebo-

119 1682 185 1725 rum
205 1683 324 1726 suorum
342 1664 453 1748 gremio
473 1665 664 1750 praeficiebat.
685 1667 792 1731 Eadem
814 1668 928 1734 abbatia
953 1668 1001 1736 hic
1025 1671 1151 1737 decimas

118 1763 232 1850 aliaque
246 1765 323 1829 bona
337 1765 512 1852 possidebat.

528 1951 567 2002 at.
585 1952 693 2005 Pennus.
709 1954 735 2004 1..

159 2079 246 2142 Vicus
260 2100 327 2144 cum
341 2079 446 2144 sacello
460 2080 570 2144 dudum
585 2081 741 2147 destructo.

502 2283 543 2334 28.
560 2285 736 2338 Parnes-buna.
753 2287 778 2337 b.

158 2427 230 2491 Vide
242 2448 329 2512 supra
342 2397 502 2493 Dinteloort
516 2449 597 2494 num.
611 2435 641 2495 9.

543 2611 582 2663 29.
600 2613 690 2666 Purra.
709 2615 733 2665 L.

157 2744 252 2824 Pagus
266 2743 296 2804 in
314 2744 448 2806 extremis
461 2745 594 2806 terminis
607 2745 822 2808 marchionatus
836 2749 1010 2828 bergarum,
1022 2751 1146 2811 antver-

1 2887 2 2918 p
116 2843 194 2927 piam
209 2865 317 2908 versus.
333 2849 437 2909 Curam
454 2847 625 2928 pastoralem
640 2847 776 2910 ecclesiae
790 2869 847 2909 una
861 2868 928 2910 curn
943 2849 1100 2930 capellania
1115 2851 1145 2912 in

1 2941 2 3016 i
116 2958 211 3008 castro
226 2947 262 3008 de
273 2947 387 3008 Woude
400 2948 542 3029 prioratui
563 2947 761 3030 Huybergensi
782 2961 920 3032 perpetuo
936 2949 1096 3023 commisit,
1113 2962 1147 3011 ut

114 3040 233 3121 dicitur,
248 3048 392 3111 Elizabeta
403 3049 492 3110 Maria
504 3052 663 3129 Bergarum
679 3049 886 3112 marchionissa
897 3071 970 3134 quae
985 3061 1075 3133 nupta
1090 3050 1146 3113 fuit

1 3154 2 3220 t
114 3148 240 3233 principi
256 3148 359 3210 Eitelio
372 3148 523 3211 Frederico
538 3150 573 3211 de
589 3150 815 3224 Hohenzollern‚
829 3172 863 3213 ex
879 3173 936 3235 quo
948 3151 1065 3235 reliquit
1080 3153 1147 3214 uni-

115 3270 177 3312 cam
191 3249 279 3311 filiam
292 3263 321 3312 et
335 3250 486 3314 haeredem
501 3251 657 3313 Henricam
668 3253 852 3314 Franciscam
869 3273 945 3315 anno
956 3255 1034 3315 toea
1046 3253 1147 3315 matri-

1 3339 2 3394 ἶ
114 3351 213 3436 monio
232 3351 367 3433 junctam
388 3352 539 3415 Frederieo
564 3353 699 3414 Mauritio
727 3352 763 3415 de
785 3357 824 3415 La
849 3355 927 3415 Tour
951 3353 1144 3435 d'Auvergne‚

1 3459 2 3542 ἦ
113 3454 215 3538 bergis
235 3453 271 3516 ad
290 3457 409 3518 Zamam
426 3437 607 3518 demortuam
627 3453 674 3518 die
694 3460 731 3518 tt
753 3453 880 3518 octobris
900 3458 987 3520 1698.
1007 3460 1142 3518 Attamen

113 3555 250 3620 eeclesiae
266 3555 345 3619 iilius
359 3570 514 3639 patronum
536 3556 625 3620 fuisse
642 3556 813 3620 crediderim
830 3557 998 3641 episcopum
1018 3562 1144 3621 hntver-

1 3663 2 3666 ’
114 3657 242 3740 pieusem
257 3657 286 3720 vi
301 3668 467 3722 contractus
481 3658 671 3741 separationis
684 3678 800 3722 mensae
813 3658 984 3744 episcopalis
997 3679 1013 3724 a
1027 3679 1143 3724 monas-

113 3757 186 3822 terio
200 3760 230 3822 S.
243 3757 383 3822 Bernardi
396 3778 442 3822 an.
458 3761 548 3822 1656.

145 3976 155 4008 ¹
173 3979 242 4049 Apud
253 3978 382 4048 Minaeum,
395 3987 453 4032 tom.
465 3981 488 4048 1,
497 3995 520 4046 p.
533 3982 590 4034 570.
