3034 4908
135 627 258 690 saeculis
271 641 336 710 post
351 632 451 709 (1178)
467 629 565 691 eadem
581 628 634 691 suh
648 650 746 691 annuo
764 651 852 692 censu
867 631 898 692 in
912 629 1085 692 locationem
1101 652 1161 713 per·

136 742 254 812 petuam
275 730 356 793 dedit
380 731 556 793 monasterio
574 729 797 812 Tongerloensi‚
820 733 867 795 cui
889 732 1051 794 Ludovious
1074 732 1162 794 abbas

135 833 359 916 Epternacensis
372 833 523 896 ecclesiam
541 833 577 897 de
592 833 704 916 Alphea
715 833 870 914 regendam
885 853 999 917 quoque
1010 834 1164 898 concessit.

176 935 322 999 arnoldus
340 935 376 998 (16
394 936 534 1008 Lovanio‚
562 935 670 998 Bredae
689 947 718 998 et
742 939 899 1017 Bergarum
923 936 1074 1008 dominus,
1095 955 1162 997 eum

134 1057 225 1098 uxore
240 1055 291 1098 suu
302 1036 467 1102 Elizahetha
477 1037 706 1100 eontuliteidem
718 1037 857 1101 coenobio
872 1037 1093 1120 'longerloensi‚
1109 1039 1164 1101 suh

135 1137 240 1201 abbate
247 1143 358 1204 Joaune
367 1139 403 1202 de
414 1139 543 1214 Berlaer,
558 1141 706 1222 sexaginta
721 1140 840 1202 bonaria
853 1141 884 1203 in
896 1141 984 1225 sylvis
995 1152 1024 1204 61
1037 1142 1163 1225 myricis,

135 1239 192 1302 sita
212 1240 242 1302 in
261 1241 316 1304 hoe
336 1261 410 1325 pago
428 1241 505 1304 inter
521 1241 621 1304 villam
635 1241 671 1304 de
685 1241 845 1306 Nieulundo
858 1253 888 1305 et
905 1243 1014 1326 sylvam
1032 1241 1164 1326 Templa-

136 1340 249 1404 riorum
264 1345 286 1405 ¹.

177 1441 303 1505 Ecclesia
317 1443 472 1526 Alphensis
490 1445 519 1507 S.
541 1443 730 1507 willibrordo
749 1445 888 1528 inscripta
902 1457 946 1507 est
960 1445 1059 1527 procul
1075 1443 1164 1506 dubio

136 1543 233 1606 studio
247 1544 454 1608 monachorum
467 1546 741 1629 Epternacensium‚
754 1547 804 1629 qui
817 1546 893 1628 grati
908 1566 976 1627 erga
994 1566 1078 1608 suum
1098 1545 1165 1608 lun-

136 1645 267 1711 datorem
283 1647 314 1708 16
328 1645 414 1720 16616,
429 1647 579 1730 inquibus
596 1647 634 1710 ab
654 1647 717 1730 ipso
735 1661 818 1711 erant
831 1647 929 1721 ditati,
948 1647 1059 1710 cultum
1074 1647 1165 1731 ipsius

137 1761 467 1833 promovereeurarunt.
967 1743 971 1750 ’

178 1849 269 1912 Miror
291 1850 456 1934 parochiam
475 1849 551 1915 hanc
571 1851 802 1932 antiquissimam
822 1873 880 1914 non
902 1852 1065 1914 enumerari
1089 1852 1167 1915 iuter

137 1952 288 2036 parochias
305 1955 410 2015 veteris
423 1953 579 2016 decanatus
602 1952 738 2015 Behensis
756 1953 810 2015 snb
831 1953 1065 2016 archidiaconatu
1081 1957 1166 2016 Cam-

137 2053 575 2136 6161661666616616166116661,
588 2054 617 2118 iu
627 2053 734 2118 Codice
743 2056 801 2118 hlS.
814 2055 903 2116 citato
914 2055 944 2118 in
956 2067 1017 2118 not.
1027 2060 1054 2118 l.
1063 2058 1166 2120 Nonne

137 2153 211 2218 illud
225 2154 379 2220 oscitantia
392 2156 544 2243 scriptoris
556 2155 664 2220 factum
676 2167 735 2228 est,
749 2167 800 2218 aut
813 2175 850 2218 an
865 2157 986 2220 sortasse
999 2156 1074 2222 baec·
1083 2177 1167 2239 paro·

138 2255 203 2318 chia
218 2255 253 2318 ad
267 2255 421 2320 dioecesim
442 2259 678 2320 cameracensem
698 2253 859 2339 pertinuit?
881 2259 1043 2341 Utrumque
1061 2277 1079 2322 a
1097 2277 1166 2325 vem

137 2357 265 2421 alienum
279 2359 422 2421 existimo.
436 2362 475 2421 ht
489 2358 551 2421 lieri
569 2359 666 2441 potuit
679 2358 845 2441 parochiam
864 2357 943 2420 illam
959 2369 1021 2420 tum
1039 2356 1076 2420 oh
1096 2359 1167 2421 insi·

137 2480 224 2542 gnam
236 2480 317 2522 suam
331 2461 547 2544 antiquitatem,
560 2473 621 2523 torn
633 2460 709 2543 quod
722 2459 757 2522 ad
769 2459 912 2523 abbatiam
924 2463 1166 2544 Epternaeensem

137 2563 283 2646 quondam
303 2563 488 2645 pertinuerit,
509 2584 561 2647 por
582 2575 698 2646 tempus
719 2561 835 2645 aliquod
856 2574 1018 2645 exemptam
1043 2562 1167 2628 fuissea

134 2663 338 2746 jurisdictione
359 2663 554 2726 archidiaconi
572 2663 749 2736 Leodiensis,
764 2663 852 2747 idque
872 2663 1023 2747 privilegio
1039 2664 1165 2747 speciali.

137 2763 259 2846 Legitur
278 2765 395 2847 quidem
409 2763 543 2827 abbatem
558 2764 801 2844 Tungerloensem
821 2763 938 2847 speciali
952 2764 1093 2846 ejusmodi
1109 2765 1168 2847 pri·

136 2865 243 2948 vilegio
257 2866 387 2948 gavisum
403 2865 491 2930 luisse
505 2867 536 2927 in
550 2866 669 2948 antiqua
683 2864 818 2948 parochia
833 2864 869 2928 de
889 2865 1013 2950 Nispen,
1029 2866 1079 2928 uhi
1094 2867 1168 2930 iute-

137 2988 225 3049 grum
242 2969 269 3030 ei
287 2967 393 3030 eratin
409 2966 571 3030 subsidium
590 2986 675 3030 curae
689 2966 842 3050 pastoralis
860 2966 933 3029 duos
948 2978 1040 3030 tresve
1058 2988 1092 3028 ex
1107 2968 1183 3037 suis,

137 3068 286 3133 canonicis
304 3069 476 3133 submittere
494 3068 557 3131 sine
574 3068 822 3152 praesentatione,
841 3065 1031 3141 admissione,
1051 3069 1168 3134 institu-

136 3173 218 3235 tione
232 3183 281 3233 ant
295 3192 435 3234 consensu
452 3169 648 3234 archidiaconi
665 3169 831 3232 heodiensis
848 3182 995 3252 tamqnam
1014 3170 1070 3233 loci
1088 3171 1168 3235 ordi·

138 3276 214 3339 narii
228 3277 251 3337 ².
273 3274 382 3350 Quidni
402 3275 554 3359 privilegio
576 3273 666 3339 simili
686 3272 812 3359 gaudere
827 3273 955 3357 potuerit
974 3272 1111 3356 parochia
1131 3273 1167 3336 de

137 3377 272 3461 hlphenl

171 3587 185 3661 ¹,
199 3591 228 3642 ln
236 3587 468 3641 chronieoBredeno
477 3588 593 3656 anonymi
602 3589 665 3654 apud
677 3591 709 3640 he
718 3591 778 3655 Ray,
788 3603 812 3654 p.
826 3587 876 3638 tta
885 3573 975 3654 legitur
985 3606 991 3637 ι
1003 3587 1085 3640 Auno
1094 3587 1166 3638 1109.

139 3680 338 3730 Ontrentdezen
348 3683 387 3742 tpt
398 3676 465 3739 16611
474 3678 546 3728 heere
556 3675 673 3727 Heariclr
682 3681 718 3726 161
724 3675 813 3726 Bredo
822 3677 852 3724 (16
863 3674 1001 3738 Templiere
1009 3687 1054 3724 een
1062 3674 1168 3725 elooster

136 3767 260 3834 portiom,
282 3767 345 3818 ende
361 3763 480 3830 bepiftt'qt
496 3770 547 3816 met
565 3763 758 3830 acatalectico,
778 3777 821 3814 eoo
833 3763 855 3814 ’t
873 3762 1059 3814 Ootterhoot...·
1076 3763 1116 3816 ola
1132 3768 1169 3813 tot

138 3853 245 3918 Alpheo
255 3851 372 3918 pelopen,
382 3857 420 3903 ter
428 3864 502 3902 eeren
513 3863 567 3902 nott
575 3849 595 3901 ’t
603 3851 726 3903 16666666
734 3863 788 3900 uon
798 3845 944 3900 1666661666
955 3849 1019 3898 door
1030 3843 1169 3911 Gadesrr'ed

138 3953 193 3992 oon
202 3939 336 3990 Bootlton.

171 4026 182 4056 ¹
199 4026 353 4093 Wichmans,
365 4040 404 4090 op.
414 4025 452 4078 eit.
465 4041 487 4091 p.
501 4027 556 4078 555.
