2978 4916
800 475 950 582 (rao)

401 621 522 686 XXXlV.
545 622 648 686 Petrus
661 623 802 702 Iosephus·
818 623 937 702 Heylan,
949 643 983 684 ex
997 621 1210 707 Noorderwyck
1221 621 1380 706 Cumpiniae

359 723 438 796 vieo,
454 745 499 786 77.
517 729 594 788 7755
610 725 728 788 Lovnnii
747 725 776 786 in
792 724 919 806 generali
936 726 1048 787 Artium
1068 725 1252 808 promotione
1269 725 1379 800 tertius,

358 820 462 886 deinde
485 823 683 909 philosophiae
708 826 864 909 professor,
889 828 917 888 S.
943 829 974 888 Τ.
1002 830 1038 904 t,
1055 839 1084 888 et
1106 825 1270 888 academiae
1293 827 1380 907 regiae

358 925 552 988 Bruxeliensis
566 925 670 999 sooios,
682 927 718 988 ad
731 919 902 990 decanatum
914 929 1082 992 nominatus
1092 941 1136 991 ost
1147 949 1193 991 an.
1208 933 1295 990 7777.
1309 929 1381 992 Obiit

358 1030 478 1109 Lyrae-²3
493 1026 653 1090 decembris
670 1031 756 1090 7795.
773 1032 814 1090 lle
826 1028 881 1090 riri
896 1027 1055 1091 laetissimi
1069 1029 1129 1091 vita
1139 1039 1169 1090 et
1182 1029 1301 1112 seriptis
1312 1049 1327 1090 a
1340 1051 1380 1092 mo
1468 1055 1470 1066 =

357 1127 468 1188 dietum
493 1141 540 1190 ost
557 1130 587 1190 itt
606 1128 726 1212 prologo
747 1129 784 1190 ad
804 1130 1046 1192 commentarium
1067 1129 1165 1194 fratris
1185 1130 1248 1213 ejus
1268 1129 1379 1192 Adriani
1468 1101 1470 1136 ⁵

359 1229 467 1310 lleylen
476 1228 511 1292 de
521 1230 739 1312 OrigineTertil
750 1231 993 1316 Statuopopol'u'm
1005 1232 1248 1316 repraesentantis
1258 1232 1290 1294 io
1302 1232 1381 1295 7777-
1468 1219 1470 1296 ἶ,

357 1329 406 1391 tiis
420 1321 563 1393 Ordinnm
577 1321 762 1406 Brabontiae,
778 1343 843 1416 paga
861 1323 963 1406 XXVl,
974 1341 1046 1396 tom.
1062 1333 1121 1406 XV,
1134 1335 1221 1396 Mem.
1231 1335 1380 1396 rourouuo
1469 1331 1470 1344 ³

357 1432 513 1496 del'llrod.
528 1425 628 1514 rouen
642 1437 675 1496 de
689 1429 868 1496 7777777777εῇ
996 1429 998 1431 ’
1468 1433 1469 1436 '

332 1565 333 1568 ¹
397 1535 509 1595 XXXV.
530 1535 670 1614 Jooepltuo
689 1537 813 1598 Vouom
824 1525 943 1615 7777777,
959 1535 1188 1609 lieolrliniensis,
1201 1535 1296 1598 oben.
1311 1535 1380 1599 7767

357 1644 455 1718 postor
464 1634 494 1697 in
507 1635 649 1712 Bdeoken‚
663 1641 752 1720 Lyrae
763 1630 889 1700 decollas
900 1637 935 1699 ab
947 1645 993 1698 777
1007 1641 1085 1700 7797
1096 1649 1187 1720 utque
1197 1635 1233 1698 ad
1243 1658 1291 1713 an.
1299 1643 1311 1699 7
1319 1635 1379 1709 786,

357 1754 414 1819 qno
428 1735 482 1799 sub
493 1729 641 1801 Gallorum
658 1730 808 1802 dominatu
824 1740 983 1822 oapitudttnl
998 1739 1159 1809 eitinotum
1174 1753 1227 1802 est.
1240 1743 1295 1802 An.
1311 1743 1379 1803 7807
1468 1729 1470 1770 l

313 1883 314 1886 η
357 1839 525 1902 nominatus
537 1851 636 1922 pastor
646 1844 677 1903 B.
691 1845 727 1904 ll.
740 1829 775 1907 V.
789 1841 890 1916 llallis,
902 1842 1011 1904 ibidem
1026 1841 1099 1904 obiit
1111 1847 1148 1905 77
1159 1843 1288 1925 januarii
1301 1843 1379 1912 7878,
1468 1871 1469 1906 ;

357 1941 459 2002 aetatis
472 1961 519 2003 an.
535 1944 584 2004 86.

830 2165 853 2239 o.
874 2163 907 2223 11.

511 2358 513 2362 ’
619 2347 787 2437 Capitulum
802 2357 835 2418 S.
849 2357 931 2421 Petri
940 2333 1121 2422 'Turonorum

397 2543 600 2605 Turnhautum
616 2542 715 2626 oppidi
728 2541 794 2625 jure
809 2561 886 2604 anno
905 2546 984 2604 7777
999 2542 1035 2604 ab
1051 2543 1201 2604 Henriool
1217 2541 1378 2604 Brodentiae
1468 2529 1469 2538 ¹

357 2644 429 2706 duee
448 2645 589 2706 donatum
601 2647 627 2716 ¹,
649 2654 679 2703 ot
696 2641 833 2724 frequens
845 2641 917 2704 olim
938 2642 1045 2703 dueum
1062 2654 1228 2704 nostrorum
1246 2643 1282 2704 ob
1300 2654 1377 2702 7777-
1468 2671 1470 2704 ;

356 2747 450 2826 tiones
464 2746 494 2806 in
509 2745 614 2806 ricinis
631 2743 719 2824 sylvis
735 2744 906 2815 residendo,
922 2745 1039 2805 translit
1050 2757 1116 2806 utrm
1131 2753 1192 2806 tota
1206 2755 1281 2806 terra
1293 2745 1377 2804 Turn·
1468 2747 1469 2750 ’

354 2846 481 2910 hairtona
495 2847 524 2906 in
540 2845 702 2907 dominium
717 2864 751 2905 ae
772 2845 868 2906 dotem
890 2845 1148 2914 Mariae-loannis
1163 2847 1199 2907 lll
1219 2844 1377 2906 Brabautlao

236 2969 241 2984 ·
355 2948 438 3010 ducis
455 2947 545 3021 filiae,
564 2965 637 3030 quoe
654 2965 730 3006 anuo
751 2945 827 3008 7777
844 2945 943 3028 nupsit
958 2941 1098 3008 Reiualdo
1116 2946 1286 3008 Geldrorum
1303 2945 1376 3015 doci,
1469 2987 1470 2990 η

356 3064 485 3132 quaeque
499 3049 564 3131 posi
581 3047 677 3108 mariti
695 3047 739 3108 odi
761 3041 872 3108 obitum
892 3047 1017 3128 amplam
1036 3047 1198 3109 Turnhauti
1217 3062 1308 3110 arcem
1322 3063 1375 3108 ers·
1468 3055 1469 3058 ’

355 3151 446 3212 truxit
459 3165 536 3212 anno
550 3154 622 3210 7777
636 3197 642 3219 ,
655 3147 705 3210 uhi
717 3151 809 3210 annos
821 3146 970 3209 viduitatis
985 3149 1031 3230 pie
1041 3150 1145 3229 exegit.
1468 3217 1469 3222 η

395 3255 435 3314 Ut
452 3251 558 3334 oppido
577 3250 669 3332 major
686 3249 813 3329 dignitas
831 3249 995 3323 arroderet,
1014 3251 1104 3312 Maria
1125 3249 1215 3312 erexit
1233 3249 1374 3330 collegium
1468 3251 1469 3292 Τ

355 3351 731 3414 duodeoimoanonioorum
754 3351 783 3412 in
805 3351 924 3413 ecelesia
947 3355 977 3412 D.
1001 3352 1093 3424 P'etri,
1117 3370 1189 3435 quae
1212 3363 1283 3413 tuno
1302 3369 1375 3433 paro·

354 3453 455 3516 chialis
466 3463 528 3515 erut
541 3452 595 3513 sub
605 3451 728 3514 dioecesi
743 3452 951 3514 cameracensi.
962 3455 1081 3515 Exstant
1096 3451 1276 3514 fundationis
1287 3447 1376 3512 literae

354 3553 430 3638 apud
450 3554 594 3626 lliraeum,
608 3565 677 3614 tom.
693 3556 738 3626 lli,
753 3573 780 3636 p.
793 3558 863 3616 777.

393 3658 494 3721 Voluit
504 3671 601 3720 autem
614 3657 774 3728 fundatrix,¹
786 3669 819 3719 ut
828 3656 988 3739 capitulum
998 3675 1081 3720 suum
1095 3657 1131 3719 ab
1141 3656 1288 3719 Ordinarii
1295 3654 1375 3738 iuris-

354 3759 481 3822 diotione
498 3759 622 3822 liberum
642 3758 717 3821 foret
739 3769 768 3822 et
788 3769 968 3841 exemptum,
989 3772 1023 3820 ao
1043 3757 1098 3821 soli
1118 3757 1299 3841 Apostolioao
1317 3752 1374 3818 Sodi

384 3998 392 4030 ¹
412 3995 487 4057 dliraei
500 4015 537 4068 op.
553 4001 606 4070 eit,
619 4009 677 4055 tom.
690 3997 714 4071 l,
726 4017 750 4068 p.
762 4001 817 4053 797.
