2990 4918
142 647 176 712 ad
194 648 376 712 alienandam
395 647 479 712 abeo
494 651 709 735 brclriepiscopi
723 651 916 724 voluntatem,
931 649 1029 712 statim
1048 649 1175 713 concidit

140 762 168 812 et
183 751 358 813 exstinctum
370 764 428 825 est,
443 752 513 814 adeo
528 754 643 835 quidem
659 766 691 815 ut
706 754 783 814 inter
800 753 865 814 illos
880 773 991 814 summa
1007 752 1183 814 animorum

138 852 292 914 concordia
311 865 339 914 et
359 853 389 914 in
404 853 491 914 rebus
508 855 669 937 quibusque
689 855 868 934 gravissimis
887 854 1074 915 consiliorum
1094 874 1173 915 com-

139 955 268 1015 munitas
279 954 401 1015 tirmiter
409 955 536 1016 stabilita
550 941 649 1024 luerit,
661 955 738 1035 quocl
749 955 879 1036 apprime
888 966 1070 1036 compertum
1081 953 1172 1016 babeo

139 1056 334 1117 exsecrationi
346 1055 462 1116 illorum
477 1055 626 1116 literarum
644 1057 828 1116 commercio.

180 1157 345 1238 Episcopali
359 1156 502 1240 dignitate
517 1170 618 1217 auctus
639 1156 723 1217 talem
743 1177 772 1217 se
787 1156 876 1236 gessit
892 1155 1027 1224 Nelisius.
1043 1167 1076 1216 ut
1094 1156 1173 1218 inter

140 1269 256 1318 nostros
270 1257 349 1318 illius
362 1257 424 1318 aevi
436 1258 581 1339 praesules
595 1259 692 1318 nullus
705 1258 779 1318 lortc
790 1256 958 1337 diligentior
972 1270 1000 1318 et
1014 1257 1127 1318 doctiol
1142 1277 1175 1317 ac

140 1358 168 1420 in
177 1359 548 1441 propugnandisEcclesiae
555 1357 1073 1441 juribusmagisstrcnuusenstiterit‚
1087 1369 1173 1438 prout

139 1460 211 1520 satis
225 1479 368 1542 superque
379 1471 523 1520 testantur
535 1463 716 1542 episcopatus
729 1459 819 1540 ipsius
833 1471 908 1530 acta,
922 1479 994 1541 qnae
1006 1459 1080 1518 serie
1092 1440 1177 1519 obro-

140 1560 456 1643 nologicasequuntur.
493 1571 497 1580 '

181 1665 287 1724 Paucis
303 1676 368 1746 post
385 1663 630 1725 consecrationem
641 1661 812 1741 mensibus
828 1661 874 1728 die
893 1657 1004 1723 scilicet
1021 1667 1039 1723 3
1059 1660 1176 1739 augusti

141 1769 234 1834 1785,
254 1768 376 1848 primam
391 1765 645 1850 congregationem
667 1765 1001 1847 archipresbyterorum,
1019 1784 1091 1845 quac
1112 1756 1176 1849 scp-

141 1867 214 1930 tima
228 1881 272 1929 est
291 1867 327 1928 ab
342 1885 374 1928 eo
391 1879 521 1948 tempore
539 1888 596 1948 quo
616 1867 716 1926 harum
739 1865 1000 1948 congregationum
1021 1863 1176 1925 celebratio

140 1969 238 2030 denuo
251 1957 435 2030 aWellensio
450 1967 581 2028 restituta
595 1967 665 2038 luit,
678 1965 778 2026 babuit
790 1967 978 2048 Antverpiae;
990 1965 1178 2048 sequentibus

138 2070 227 2132 annis
237 2089 285 2131 sex
294 2067 608 2130 aliaecelebrataesunt
617 2071 636 2128 ¹.
647 2072 737 2129 lanuto
747 2068 906 2150 praesulem
915 2080 1046 2128 nostrum
1059 2067 1178 2129 ‹le‘cele-

139 2170 252 2232 branna
264 2170 374 2254 synodo
385 2169 569 2241 dioecesana,
581 2168 664 2250 cujus
674 2169 751 2230 uices
761 2169 897 2251 supplent
907 2183 1006 2231 coetus
1017 2169 1178 2252 archipres-

138 2271 328 2352 byterorum,
347 2289 381 2331 eo
401 2282 471 2332 tunc
491 2281 621 2352 tempore
635 2269 777 2350 cogitasse
797 2269 887 2352 liquet
901 2291 933 2332 cx
950 2270 986 2332 iis
1003 2289 1076 2352 quae
1093 2283 1178 2330 antea

137 2371 304 2432 dictasunt
318 2374 342 2433 ².

110 2542 113 2546 ¹
186 2475 242 2533 Res
256 2492 362 2544 novae,
374 2472 479 2556 quihus
494 2471 547 2534 sub
562 2471 736 2553 imperatore
748 2472 871 2554 losepho
886 2475 908 2533 ll
924 2470 1099 2553 gubernium
1114 2483 1177 2533 stu-

139 2571 242 2643 debat,
257 2557 355 2634 multis
366 2573 537 2654 magnisque
551 2573 691 2634 molestiis
706 2572 844 2655 praesulis
859 2573 988 2634 animum
1010 2573 1177 2635 affecerunt.

188 2678 467 2735 resedissemus.
485 2679 711 2735 Rementranccs
726 2681 740 2734 t
757 2679 846 2736 Leurs
861 2675 986 2736 Altesses
1001 2675 1123 2759 Royales
1137 2674 1178 2735 les

139 2795 342 2856 gouverneurs
358 2781 517 2854 generans,
533 2777 674 2838 touchant
688 2777 791 2838 l'ordre
806 2776 841 2838 de
857 2775 970 2858 publier
981 2797 1016 2836 au
1034 2785 1123 2858 prone
1138 2777 1179 2836 les

139 2877 221 2939 edits
240 2877 275 2937 dc
295 2878 390 2959 police
413 2890 442 2938 et
463 2891 568 2938 autres.
588 2915 625 2924 -
643 2879 755 2938 Recueil
774 2881 821 2938 (les
842 2882 1079 2956 representatione
1100 2879 1179 2958 bclq„

135 2984 240 3060 partie
252 2983 345 3039 eccles.
360 2981 415 3050 IV,
428 3000 457 3056 p.
475 2985 545 3052 tut,
560 2981 653 3040 collat.
668 2999 731 3039 cum
745 2982 935 3059 autoqrapbo.

188 3084 220 3140 51
245 3083 328 3140 mati.
349 3083 447 3140 Lettre
468 3085 481 3140 a
501 3081 530 3141 S.
551 3083 583 3142 E.
604 3079 631 3140 le
652 3080 784 3140 ministre
806 3078 1059 3162 plenipotentiaire
1083 3091 1179 3140 comte

140 3182 183 3242 cle
202 3178 380 3263 belgiajoso‚
404 3181 542 3242 touchant
568 3182 594 3242 le
614 3182 767 3242 seminaire
789 3182 915 3262 ge'neral.
938 3219 974 3227 -
994 3183 1109 3263 Itccueil
1130 3183 1178 3240 des

139 3289 384 3362 representatione
395 3288 472 3364 belp,
483 3297 565 3363 part.
579 3289 642 3345 cccl.
655 3287 671 3346 l
677 3287 706 3358 V,
720 3306 750 3364 p.
770 3289 817 3346 l8l
829 3336 836 3357 ‚
850 3289 943 3346 collat.
959 3307 1020 3346 cram
1034 3295 1147 3365 autoqr.

187 3385 544 3458 sansanctissimae
562 3387 750 3466 congregatio
766 3386 1097 3472 Archiprestbyterorum.
1112 3393 1176 3456 vid.

139 3505 246 3568 supra,
260 3507 288 3567 p.
306 3489 352 3547 ts.

188 3591 227 3648 ts
234 3589 325 3668 junii.
342 3587 580 3668 Reprtsentation
593 3586 709 3648 aberras
725 3587 849 3649 altesses
862 3589 984 3672 Royales
999 3591 1040 3652 les
1055 3577 1178 3673 gaurer-

142 3709 236 3754 neurs
261 3693 418 3769 generans,
438 3688 577 3750 touchant
601 3688 628 3749 la
652 3689 835 3770 suppression
858 3691 908 3752 des
931 3693 1103 3765 conlrtries,
1129 3697 1178 3759 des

177 3913 186 3944 ¹
206 3912 260 3962 vid.
271 3925 356 3978 supra,
368 3927 393 3976 p.
409 3910 448 3960 tc.
503 3925 508 3930 ·

177 4001 188 4032 ¹
206 3997 269 4064 vict,
279 3998 350 4060 ibim,
361 4011 385 4061 p.
397 3999 421 4046 4.
