<?xml version="1.0" encoding="UTF-8"?>
<!DOCTYPE html PUBLIC "-//W3C//DTD XHTML 1.0 Transitional//EN"
    "http://www.w3.org/TR/xhtml1/DTD/xhtml1-transitional.dtd">
<html xmlns="http://www.w3.org/1999/xhtml" xml:lang="en" lang="en">
 <head>
  <title>
</title>
<meta http-equiv="Content-Type" content="text/html;charset=utf-8" />
  <meta name='ocr-system' content='tesseract 3.04.00' />
  <meta name='ocr-capabilities' content='ocr_page ocr_carea ocr_par ocr_line ocrx_word'/>
</head>
<body>
  <div class='ocr_page' id='page_1' title='image "./synopsisactorum00ramgoog_0110.png"; bbox 0 0 2990 4918; ppageno 0'>
   <div class='ocr_carea' id='block_1_1' title="bbox 786 449 900 544">
    <p class='ocr_par' dir='ltr' id='par_1_1' title="bbox 786 449 900 544">
     <span class='ocr_line' id='line_1_1' title="bbox 786 449 900 544; baseline 0.026 -3"><span class='ocrx_word' id='word_1_1' title='bbox 786 449 900 544; x_wconf 57' lang='grc' dir='ltr'>(Μ)</span> 
     </span>
    </p>
   </div>
   <div class='ocr_carea' id='block_1_2' title="bbox 293 585 1358 4004">
    <p class='ocr_par' dir='ltr' id='par_1_2' title="bbox 325 585 1358 1580">
     <span class='ocr_line' id='line_1_2' title="bbox 329 585 1358 672; baseline -0.002 -22"><span class='ocrx_word' id='word_1_2' title='bbox 329 609 363 650; x_wconf 91' lang='lat' dir='ltr'>ac</span> <span class='ocrx_word' id='word_1_3' title='bbox 375 587 531 670; x_wconf 87' lang='lat' dir='ltr'>prudenter</span> <span class='ocrx_word' id='word_1_4' title='bbox 542 587 743 669; x_wconf 74' lang='lat' dir='ltr'>gubernasset,</span> <span class='ocrx_word' id='word_1_5' title='bbox 760 589 861 651; x_wconf 90' lang='lat' dir='ltr'>morbo</span> <span class='ocrx_word' id='word_1_6' title='bbox 871 587 996 672; x_wconf 72' lang='lat' dir='ltr'>pectoris</span> <span class='ocrx_word' id='word_1_7' title='bbox 1006 599 1156 670; x_wconf 87' lang='lat' dir='ltr'>correptus</span> <span class='ocrx_word' id='word_1_8' title='bbox 1165 585 1224 649; x_wconf 83' lang='lat' dir='ltr'>rita</span> <span class='ocrx_word' id='word_1_9' title='bbox 1237 585 1358 648; x_wconf 82' lang='lat' dir='ltr'>iunctus</span> 
     </span>
     <span class='ocr_line' id='line_1_3' title="bbox 327 688 1357 772; baseline -0.002 -22"><span class='ocrx_word' id='word_1_10' title='bbox 327 700 386 760; x_wconf 86' lang='lat' dir='ltr'>est,</span> <span class='ocrx_word' id='word_1_11' title='bbox 403 709 536 769; x_wconf 85' lang='lat' dir='ltr'>magnam</span> <span class='ocrx_word' id='word_1_12' title='bbox 558 688 723 771; x_wconf 91' lang='lat' dir='ltr'>relinquens</span> <span class='ocrx_word' id='word_1_13' title='bbox 742 689 788 751; x_wconf 90' lang='lat' dir='ltr'>sui</span> <span class='ocrx_word' id='word_1_14' title='bbox 809 689 924 752; x_wconf 85' lang='lat' dir='ltr'>lamam.</span> <span class='ocrx_word' id='word_1_15' title='bbox 944 689 1080 772; x_wconf 78' lang='lat' dir='ltr'>Sepultus</span> <span class='ocrx_word' id='word_1_16' title='bbox 1103 701 1148 751; x_wconf 91' lang='lat' dir='ltr'>est</span> <span class='ocrx_word' id='word_1_17' title='bbox 1167 700 1235 750; x_wconf 88' lang='lat' dir='ltr'>ante</span> <span class='ocrx_word' id='word_1_18' title='bbox 1254 707 1357 750; x_wconf 88' lang='lat' dir='ltr'>ascen·</span> 
     </span>
     <span class='ocr_line' id='line_1_4' title="bbox 327 790 1357 863; baseline -0.001 -12"><span class='ocrx_word' id='word_1_19' title='bbox 327 812 392 852; x_wconf 92' lang='lat' dir='ltr'>sum</span> <span class='ocrx_word' id='word_1_20' title='bbox 412 791 520 853; x_wconf 89' lang='lat' dir='ltr'>summi</span> <span class='ocrx_word' id='word_1_21' title='bbox 538 791 637 853; x_wconf 89' lang='lat' dir='ltr'>altaris</span> <span class='ocrx_word' id='word_1_22' title='bbox 656 790 793 853; x_wconf 88' lang='lat' dir='ltr'>ecclesiae</span> <span class='ocrx_word' id='word_1_23' title='bbox 807 791 993 863; x_wconf 88' lang='lat' dir='ltr'>cathedralis,</span> <span class='ocrx_word' id='word_1_24' title='bbox 1014 791 1077 854; x_wconf 89' lang='lat' dir='ltr'>sinc</span> <span class='ocrx_word' id='word_1_25' title='bbox 1095 801 1286 853; x_wconf 88' lang='lat' dir='ltr'>monumento</span> <span class='ocrx_word' id='word_1_26' title='bbox 1304 803 1357 850; x_wconf 89' lang='lat' dir='ltr'>aut</span> 
     </span>
     <span class='ocr_line' id='line_1_5' title="bbox 327 889 1358 974; baseline -0.003 -22"><span class='ocrx_word' id='word_1_27' title='bbox 327 890 526 973; x_wconf 73' lang='lat' dir='ltr'>inscriptione.</span> <span class='ocrx_word' id='word_1_28' title='bbox 548 894 644 966; x_wconf 88' lang='lat' dir='ltr'>Quum</span> <span class='ocrx_word' id='word_1_29' title='bbox 663 891 890 974; x_wconf 79' lang='lat' dir='ltr'>deiunctojusta</span> <span class='ocrx_word' id='word_1_30' title='bbox 904 891 1104 974; x_wconf 85' lang='lat' dir='ltr'>exaequiarum</span> <span class='ocrx_word' id='word_1_31' title='bbox 1123 889 1358 973; x_wconf 84' lang='lat' dir='ltr'>persolverentur</span> 
     </span>
     <span class='ocr_line' id='line_1_6' title="bbox 327 991 1356 1072; baseline -0.001 -20"><span class='ocrx_word' id='word_1_32' title='bbox 327 991 406 1053; x_wconf 78' lang='lat' dir='ltr'>diet</span> <span class='ocrx_word' id='word_1_33' title='bbox 422 991 558 1054; x_wconf 82' lang='lat' dir='ltr'>februarii</span> <span class='ocrx_word' id='word_1_34' title='bbox 573 993 734 1056; x_wconf 89' lang='lat' dir='ltr'>orationem</span> <span class='ocrx_word' id='word_1_35' title='bbox 749 993 900 1056; x_wconf 82' lang='lat' dir='ltr'>funebrem</span> <span class='ocrx_word' id='word_1_36' title='bbox 917 993 1018 1055; x_wconf 89' lang='lat' dir='ltr'>habuit</span> <span class='ocrx_word' id='word_1_37' title='bbox 1032 996 1150 1057; x_wconf 85' lang='lat' dir='ltr'>P.-l.·S.</span> <span class='ocrx_word' id='word_1_38' title='bbox 1161 995 1222 1054; x_wconf 86' lang='lat' dir='ltr'>Van</span> <span class='ocrx_word' id='word_1_39' title='bbox 1238 994 1356 1072; x_wconf 83' lang='lat' dir='ltr'>Eupon,</span> 
     </span>
     <span class='ocr_line' id='line_1_7' title="bbox 325 1092 1357 1176; baseline -0.003 -21"><span class='ocrx_word' id='word_1_40' title='bbox 325 1096 354 1155; x_wconf 87' lang='lat' dir='ltr'>S.</span> <span class='ocrx_word' id='word_1_41' title='bbox 369 1095 400 1154; x_wconf 84' lang='lat' dir='ltr'>T.</span> <span class='ocrx_word' id='word_1_42' title='bbox 417 1096 448 1155; x_wconf 85' lang='lat' dir='ltr'>t.</span> <span class='ocrx_word' id='word_1_43' title='bbox 463 1092 599 1155; x_wconf 86' lang='lat' dir='ltr'>ecclesiae</span> <span class='ocrx_word' id='word_1_44' title='bbox 612 1093 784 1158; x_wconf 87' lang='lat' dir='ltr'>cathedralis</span> <span class='ocrx_word' id='word_1_45' title='bbox 804 1092 961 1156; x_wconf 88' lang='lat' dir='ltr'>canonicus</span> <span class='ocrx_word' id='word_1_46' title='bbox 975 1094 1146 1175; x_wconf 78' lang='lat' dir='ltr'>graduatns,</span> <span class='ocrx_word' id='word_1_47' title='bbox 1162 1092 1357 1176; x_wconf 89' lang='lat' dir='ltr'>poenitentia·</span> 
     </span>
     <span class='ocr_line' id='line_1_8' title="bbox 327 1191 1358 1276; baseline -0.001 -23"><span class='ocrx_word' id='word_1_48' title='bbox 327 1195 388 1255; x_wconf 90' lang='lat' dir='ltr'>rius</span> <span class='ocrx_word' id='word_1_49' title='bbox 401 1205 429 1254; x_wconf 91' lang='lat' dir='ltr'>et</span> <span class='ocrx_word' id='word_1_50' title='bbox 443 1193 625 1276; x_wconf 80' lang='lat' dir='ltr'>episcopatus</span> <span class='ocrx_word' id='word_1_51' title='bbox 642 1194 708 1256; x_wconf 91' lang='lat' dir='ltr'>sede</span> <span class='ocrx_word' id='word_1_52' title='bbox 722 1207 841 1258; x_wconf 89' lang='lat' dir='ltr'>vacante</span> <span class='ocrx_word' id='word_1_53' title='bbox 859 1194 984 1256; x_wconf 90' lang='lat' dir='ltr'>vicarius</span> <span class='ocrx_word' id='word_1_54' title='bbox 1003 1193 1161 1275; x_wconf 83' lang='lat' dir='ltr'>generalis,</span> <span class='ocrx_word' id='word_1_55' title='bbox 1181 1191 1358 1274; x_wconf 78' lang='lat' dir='ltr'>Autverpiae</span> 
     </span>
     <span class='ocr_line' id='line_1_9' title="bbox 326 1292 1358 1377; baseline -0.004 -21"><span class='ocrx_word' id='word_1_56' title='bbox 326 1295 404 1377; x_wconf 87' lang='lat' dir='ltr'>typis</span> <span class='ocrx_word' id='word_1_57' title='bbox 427 1315 559 1357; x_wconf 85' lang='lat' dir='ltr'>excusam</span> <span class='ocrx_word' id='word_1_58' title='bbox 581 1295 671 1368; x_wconf 80' lang='lat' dir='ltr'>in·l⁰‚</span> <span class='ocrx_word' id='word_1_59' title='bbox 693 1315 778 1377; x_wconf 77' lang='lat' dir='ltr'>pagg.</span> <span class='ocrx_word' id='word_1_60' title='bbox 800 1300 846 1358; x_wconf 69' lang='lat' dir='ltr'>lb.</span> <span class='ocrx_word' id='word_1_61' title='bbox 868 1295 948 1358; x_wconf 82' lang='lat' dir='ltr'>Alter</span> <span class='ocrx_word' id='word_1_62' title='bbox 969 1294 1093 1358; x_wconf 88' lang='lat' dir='ltr'>vicarius</span> <span class='ocrx_word' id='word_1_63' title='bbox 1114 1292 1281 1377; x_wconf 88' lang='lat' dir='ltr'>capitularis</span> <span class='ocrx_word' id='word_1_64' title='bbox 1294 1304 1358 1354; x_wconf 90' lang='lat' dir='ltr'>erat</span> 
     </span>
     <span class='ocr_line' id='line_1_10' title="bbox 325 1395 1358 1479; baseline -0.002 -21"><span class='ocrx_word' id='word_1_65' title='bbox 325 1396 471 1458; x_wconf 85' lang='lat' dir='ltr'>Antonius</span> <span class='ocrx_word' id='word_1_66' title='bbox 486 1395 522 1458; x_wconf 94' lang='lat' dir='ltr'>de</span> <span class='ocrx_word' id='word_1_67' title='bbox 536 1397 628 1468; x_wconf 90' lang='lat' dir='ltr'>Vries,</span> <span class='ocrx_word' id='word_1_68' title='bbox 646 1399 674 1459; x_wconf 91' lang='lat' dir='ltr'>S.</span> <span class='ocrx_word' id='word_1_69' title='bbox 693 1400 724 1458; x_wconf 83' lang='grc' dir='ltr'>Τ.</span> <span class='ocrx_word' id='word_1_70' title='bbox 741 1401 773 1458; x_wconf 88' lang='lat' dir='ltr'>t.</span> <span class='ocrx_word' id='word_1_71' title='bbox 788 1397 858 1460; x_wconf 90' lang='lat' dir='ltr'>olim</span> <span class='ocrx_word' id='word_1_72' title='bbox 874 1396 1114 1479; x_wconf 67' lang='lat' dir='ltr'>&#39;occultentiarius</span> <span class='ocrx_word' id='word_1_73' title='bbox 1125 1409 1155 1476; x_wconf 94' lang='lat' dir='ltr'>et</span> <span class='ocrx_word' id='word_1_74' title='bbox 1168 1395 1268 1459; x_wconf 90' lang='lat' dir='ltr'>eodem</span> <span class='ocrx_word' id='word_1_75' title='bbox 1282 1407 1358 1457; x_wconf 90' lang='lat' dir='ltr'>tem·</span> 
     </span>
     <span class='ocr_line' id='line_1_11' title="bbox 325 1496 984 1580; baseline 0.002 -23"><span class='ocrx_word' id='word_1_76' title='bbox 325 1517 395 1580; x_wconf 88' lang='lat' dir='ltr'>pore</span> <span class='ocrx_word' id='word_1_77' title='bbox 408 1496 638 1580; x_wconf 78' lang='lat' dir='ltr'>archipresbyter</span> <span class='ocrx_word' id='word_1_78' title='bbox 652 1497 788 1561; x_wconf 86' lang='lat' dir='ltr'>eeclesiae</span> <span class='ocrx_word' id='word_1_79' title='bbox 802 1497 984 1560; x_wconf 86' lang='lat' dir='ltr'>cathedralis.</span> 
     </span>
    </p>

    <p class='ocr_par' dir='ltr' id='par_1_3' title="bbox 321 1598 1358 1985">
     <span class='ocr_line' id='line_1_12' title="bbox 366 1598 1357 1681; baseline -0.003 -21"><span class='ocrx_word' id='word_1_80' title='bbox 366 1601 525 1680; x_wconf 76' lang='lat' dir='ltr'>pauperes,</span> <span class='ocrx_word' id='word_1_81' title='bbox 544 1619 667 1680; x_wconf 88' lang='lat' dir='ltr'>quorum</span> <span class='ocrx_word' id='word_1_82' title='bbox 687 1612 768 1681; x_wconf 88' lang='lat' dir='ltr'>pater</span> <span class='ocrx_word' id='word_1_83' title='bbox 789 1598 844 1661; x_wconf 86' lang='lat' dir='ltr'>luit</span> <span class='ocrx_word' id='word_1_84' title='bbox 864 1599 952 1660; x_wconf 88' lang='lat' dir='ltr'>verbo</span> <span class='ocrx_word' id='word_1_85' title='bbox 967 1611 996 1660; x_wconf 90' lang='lat' dir='ltr'>et</span> <span class='ocrx_word' id='word_1_86' title='bbox 1009 1617 1109 1680; x_wconf 84' lang='lat' dir='ltr'>opere,</span> <span class='ocrx_word' id='word_1_87' title='bbox 1124 1616 1221 1658; x_wconf 87' lang='lat' dir='ltr'>rerum</span> <span class='ocrx_word' id='word_1_88' title='bbox 1236 1616 1357 1658; x_wconf 91' lang='lat' dir='ltr'>suarum</span> 
     </span>
     <span class='ocr_line' id='line_1_13' title="bbox 324 1695 1356 1782; baseline -0.005 -20"><span class='ocrx_word' id='word_1_89' title='bbox 324 1699 528 1782; x_wconf 82' lang='lat' dir='ltr'>temporalium</span> <span class='ocrx_word' id='word_1_90' title='bbox 549 1699 686 1761; x_wconf 89' lang='lat' dir='ltr'>haerodes</span> <span class='ocrx_word' id='word_1_91' title='bbox 713 1698 887 1762; x_wconf 90' lang='lat' dir='ltr'>Wellensius</span> <span class='ocrx_word' id='word_1_92' title='bbox 908 1712 1007 1763; x_wconf 85' lang='lat' dir='ltr'>noster</span> <span class='ocrx_word' id='word_1_93' title='bbox 1028 1696 1192 1760; x_wconf 89' lang='lat' dir='ltr'>constituit.</span> <span class='ocrx_word' id='word_1_94' title='bbox 1211 1695 1356 1760; x_wconf 89' lang='lat' dir='ltr'>Palatium</span> 
     </span>
     <span class='ocr_line' id='line_1_14' title="bbox 325 1798 1358 1884; baseline -0.003 -22"><span class='ocrx_word' id='word_1_95' title='bbox 325 1821 439 1884; x_wconf 76' lang='lat' dir='ltr'>quaeque</span> <span class='ocrx_word' id='word_1_96' title='bbox 453 1801 615 1884; x_wconf 83' lang='lat' dir='ltr'>episcopale</span> <span class='ocrx_word' id='word_1_97' title='bbox 628 1821 693 1864; x_wconf 89' lang='lat' dir='ltr'>acre</span> <span class='ocrx_word' id='word_1_98' title='bbox 710 1823 763 1864; x_wconf 90' lang='lat' dir='ltr'>suo</span> <span class='ocrx_word' id='word_1_99' title='bbox 775 1801 996 1864; x_wconf 89' lang='lat' dir='ltr'>instaurandum</span> <span class='ocrx_word' id='word_1_100' title='bbox 1012 1812 1191 1883; x_wconf 84' lang='lat' dir='ltr'>susceperat,</span> <span class='ocrx_word' id='word_1_101' title='bbox 1207 1799 1290 1862; x_wconf 83' lang='lat' dir='ltr'>novis</span> <span class='ocrx_word' id='word_1_102' title='bbox 1306 1798 1358 1859; x_wconf 87' lang='lat' dir='ltr'>ud·</span> 
     </span>
     <span class='ocr_line' id='line_1_15' title="bbox 321 1896 966 1985; baseline -0.003 -19"><span class='ocrx_word' id='word_1_103' title='bbox 321 1902 434 1985; x_wconf 88' lang='lat' dir='ltr'>junctis</span> <span class='ocrx_word' id='word_1_104' title='bbox 448 1902 583 1984; x_wconf 86' lang='lat' dir='ltr'>operibus</span> <span class='ocrx_word' id='word_1_105' title='bbox 594 1903 765 1985; x_wconf 88' lang='lat' dir='ltr'>ampliatum</span> <span class='ocrx_word' id='word_1_106' title='bbox 778 1916 807 1964; x_wconf 92' lang='lat' dir='ltr'>et</span> <span class='ocrx_word' id='word_1_107' title='bbox 821 1896 966 1966; x_wconf 86' lang='lat' dir='ltr'>ornatum.</span> 
     </span>
    </p>

    <p class='ocr_par' dir='ltr' id='par_1_4' title="bbox 293 1989 1358 2996">
     <span class='ocr_line' id='line_1_16' title="bbox 368 2001 1358 2086; baseline -0.004 -21"><span class='ocrx_word' id='word_1_108' title='bbox 368 2006 409 2065; x_wconf 87' lang='lat' dir='ltr'>Eo</span> <span class='ocrx_word' id='word_1_109' title='bbox 428 2005 491 2086; x_wconf 89' lang='lat' dir='ltr'>ipso</span> <span class='ocrx_word' id='word_1_110' title='bbox 509 2024 598 2074; x_wconf 84' lang='lat' dir='ltr'>anno,</span> <span class='ocrx_word' id='word_1_111' title='bbox 612 2024 669 2085; x_wconf 92' lang='lat' dir='ltr'>quo</span> <span class='ocrx_word' id='word_1_112' title='bbox 689 2025 723 2065; x_wconf 85' lang='lat' dir='ltr'>ex</span> <span class='ocrx_word' id='word_1_113' title='bbox 737 2003 791 2066; x_wconf 89' lang='lat' dir='ltr'>bac</span> <span class='ocrx_word' id='word_1_114' title='bbox 806 2005 866 2066; x_wconf 87' lang='lat' dir='ltr'>vita</span> <span class='ocrx_word' id='word_1_115' title='bbox 885 2003 1037 2084; x_wconf 84' lang='lat' dir='ltr'>migrauit,</span> <span class='ocrx_word' id='word_1_116' title='bbox 1053 2002 1164 2066; x_wconf 89' lang='lat' dir='ltr'>scilicet</span> <span class='ocrx_word' id='word_1_117' title='bbox 1184 2019 1283 2063; x_wconf 88' lang='lat' dir='ltr'>mense</span> <span class='ocrx_word' id='word_1_118' title='bbox 1298 2001 1358 2062; x_wconf 89' lang='lat' dir='ltr'>cir·</span> 
     </span>
     <span class='ocr_line' id='line_1_17' title="bbox 327 2103 1358 2188; baseline -0.003 -22"><span class='ocrx_word' id='word_1_119' title='bbox 327 2105 400 2167; x_wconf 88' lang='lat' dir='ltr'>citer</span> <span class='ocrx_word' id='word_1_120' title='bbox 418 2119 571 2186; x_wconf 80' lang='lat' dir='ltr'>antequam</span> <span class='ocrx_word' id='word_1_121' title='bbox 593 2105 812 2187; x_wconf 85' lang='lat' dir='ltr'>quadragesima</span> <span class='ocrx_word' id='word_1_122' title='bbox 836 2105 1030 2174; x_wconf 79' lang='lat' dir='ltr'>inchoaretur.</span> <span class='ocrx_word' id='word_1_123' title='bbox 1052 2103 1189 2188; x_wconf 84' lang='lat' dir='ltr'>providus</span> <span class='ocrx_word' id='word_1_124' title='bbox 1210 2103 1358 2177; x_wconf 78' lang='lat' dir='ltr'>Antistes,</span> 
     </span>
     <span class='ocr_line' id='line_1_18' title="bbox 293 2204 1357 2290; baseline -0.002 -22"><span class='ocrx_word' id='word_1_125' title='bbox 293 2256 295 2261; x_wconf 91' lang='lat'><em>.</em></span> <span class='ocrx_word' id='word_1_126' title='bbox 325 2207 455 2288; x_wconf 85' lang='lat' dir='ltr'>corporis</span> <span class='ocrx_word' id='word_1_127' title='bbox 474 2205 643 2268; x_wconf 83' lang='lat' dir='ltr'>infirmitate</span> <span class='ocrx_word' id='word_1_128' title='bbox 663 2206 782 2288; x_wconf 91' lang='lat' dir='ltr'>iusuper</span> <span class='ocrx_word' id='word_1_129' title='bbox 800 2205 910 2280; x_wconf 88' lang='lat' dir='ltr'>habita,</span> <span class='ocrx_word' id='word_1_130' title='bbox 931 2206 1101 2290; x_wconf 88' lang='lat' dir='ltr'>pastoralem</span> <span class='ocrx_word' id='word_1_131' title='bbox 1116 2225 1230 2289; x_wconf 86' lang='lat' dir='ltr'>quoque</span> <span class='ocrx_word' id='word_1_132' title='bbox 1250 2204 1357 2287; x_wconf 90' lang='lat' dir='ltr'>episto·</span> 
     </span>
     <span class='ocr_line' id='line_1_19' title="bbox 325 2305 1356 2389; baseline 0 -21"><span class='ocrx_word' id='word_1_133' title='bbox 325 2307 381 2369; x_wconf 88' lang='lat' dir='ltr'>lam</span> <span class='ocrx_word' id='word_1_134' title='bbox 403 2319 634 2389; x_wconf 83' lang='lat' dir='ltr'>praeparauerat,</span> <span class='ocrx_word' id='word_1_135' title='bbox 653 2327 738 2388; x_wconf 78' lang='lat' dir='ltr'>qulam</span> <span class='ocrx_word' id='word_1_136' title='bbox 757 2307 787 2370; x_wconf 89' lang='lat' dir='ltr'>in</span> <span class='ocrx_word' id='word_1_137' title='bbox 805 2307 935 2370; x_wconf 72' lang='lat' dir='ltr'>defuncti</span> <span class='ocrx_word' id='word_1_138' title='bbox 956 2307 1071 2370; x_wconf 87' lang='lat' dir='ltr'>scriniis</span> <span class='ocrx_word' id='word_1_139' title='bbox 1090 2319 1233 2389; x_wconf 87' lang='lat' dir='ltr'>repertam</span> <span class='ocrx_word' id='word_1_140' title='bbox 1254 2305 1356 2368; x_wconf 85' lang='lat' dir='ltr'>vicarii</span> 
     </span>
     <span class='ocr_line' id='line_1_20' title="bbox 326 2405 1357 2490; baseline 0 -21"><span class='ocrx_word' id='word_1_141' title='bbox 326 2407 498 2489; x_wconf 84' lang='lat' dir='ltr'>capitulares</span> <span class='ocrx_word' id='word_1_142' title='bbox 512 2406 561 2468; x_wconf 90' lang='lat' dir='ltr'>die</span> <span class='ocrx_word' id='word_1_143' title='bbox 576 2412 607 2468; x_wconf 90' lang='lat' dir='ltr'>lt</span> <span class='ocrx_word' id='word_1_144' title='bbox 628 2407 765 2468; x_wconf 81' lang='lat' dir='ltr'>februarii</span> <span class='ocrx_word' id='word_1_145' title='bbox 783 2412 861 2472; x_wconf 78' lang='lat' dir='ltr'>tlSl</span> <span class='ocrx_word' id='word_1_146' title='bbox 875 2407 1038 2470; x_wconf 87' lang='lat' dir='ltr'>ediderunt.</span> <span class='ocrx_word' id='word_1_147' title='bbox 1055 2408 1156 2470; x_wconf 87' lang='lat' dir='ltr'>Elucet</span> <span class='ocrx_word' id='word_1_148' title='bbox 1174 2407 1204 2467; x_wconf 91' lang='lat' dir='ltr'>in</span> <span class='ocrx_word' id='word_1_149' title='bbox 1225 2405 1274 2469; x_wconf 89' lang='lat' dir='ltr'>illa</span> <span class='ocrx_word' id='word_1_150' title='bbox 1289 2428 1357 2490; x_wconf 89' lang='lat' dir='ltr'>pos-</span> 
     </span>
     <span class='ocr_line' id='line_1_21' title="bbox 325 2507 1356 2592; baseline 0 -22"><span class='ocrx_word' id='word_1_151' title='bbox 325 2521 417 2570; x_wconf 87' lang='lat' dir='ltr'>trema</span> <span class='ocrx_word' id='word_1_152' title='bbox 447 2508 598 2569; x_wconf 87' lang='lat' dir='ltr'>morientis</span> <span class='ocrx_word' id='word_1_153' title='bbox 631 2507 757 2592; x_wconf 87' lang='lat' dir='ltr'>episcopi</span> <span class='ocrx_word' id='word_1_154' title='bbox 784 2509 982 2572; x_wconf 81' lang='lat' dir='ltr'>exhortatione</span> <span class='ocrx_word' id='word_1_155' title='bbox 1013 2530 1070 2572; x_wconf 93' lang='lat' dir='ltr'>non</span> <span class='ocrx_word' id='word_1_156' title='bbox 1099 2507 1224 2571; x_wconf 87' lang='lat' dir='ltr'>eruditio</span> <span class='ocrx_word' id='word_1_157' title='bbox 1252 2508 1356 2578; x_wconf 87' lang='lat' dir='ltr'>modo,</span> 
     </span>
     <span class='ocr_line' id='line_1_22' title="bbox 327 2608 1358 2694; baseline -0.001 -23"><span class='ocrx_word' id='word_1_158' title='bbox 327 2623 359 2671; x_wconf 91' lang='lat' dir='ltr'>ut</span> <span class='ocrx_word' id='word_1_159' title='bbox 378 2610 407 2672; x_wconf 89' lang='lat' dir='ltr'>in</span> <span class='ocrx_word' id='word_1_160' title='bbox 426 2609 547 2672; x_wconf 89' lang='lat' dir='ltr'>caeteris</span> <span class='ocrx_word' id='word_1_161' title='bbox 564 2609 626 2692; x_wconf 90' lang='lat' dir='ltr'>ejus</span> <span class='ocrx_word' id='word_1_162' title='bbox 643 2610 773 2694; x_wconf 86' lang='lat' dir='ltr'>scriptis,</span> <span class='ocrx_word' id='word_1_163' title='bbox 792 2611 841 2673; x_wconf 88' lang='lat' dir='ltr'>sed</span> <span class='ocrx_word' id='word_1_164' title='bbox 863 2624 891 2673; x_wconf 91' lang='lat' dir='ltr'>et</span> <span class='ocrx_word' id='word_1_165' title='bbox 906 2611 1003 2674; x_wconf 89' lang='lat' dir='ltr'>suavis</span> <span class='ocrx_word' id='word_1_166' title='bbox 1021 2631 1054 2672; x_wconf 86' lang='lat' dir='ltr'>ao</span> <span class='ocrx_word' id='word_1_167' title='bbox 1069 2623 1217 2693; x_wconf 85' lang='lat' dir='ltr'>praestans</span> <span class='ocrx_word' id='word_1_168' title='bbox 1233 2608 1358 2691; x_wconf 88' lang='lat' dir='ltr'>pastoris</span> 
     </span>
     <span class='ocr_line' id='line_1_23' title="bbox 326 2709 1357 2795; baseline -0.001 -23"><span class='ocrx_word' id='word_1_169' title='bbox 326 2711 427 2781; x_wconf 83' lang='lat' dir='ltr'>ardor,</span> <span class='ocrx_word' id='word_1_170' title='bbox 451 2725 484 2772; x_wconf 91' lang='lat' dir='ltr'>ut</span> <span class='ocrx_word' id='word_1_171' title='bbox 507 2732 524 2772; x_wconf 94' lang='lat' dir='ltr'>a</span> <span class='ocrx_word' id='word_1_172' title='bbox 548 2712 719 2793; x_wconf 84' lang='lat' dir='ltr'>spectaculis</span> <span class='ocrx_word' id='word_1_173' title='bbox 746 2712 867 2795; x_wconf 90' lang='lat' dir='ltr'>aliisque</span> <span class='ocrx_word' id='word_1_174' title='bbox 891 2712 1030 2774; x_wconf 87' lang='lat' dir='ltr'>malorum</span> <span class='ocrx_word' id='word_1_175' title='bbox 1055 2709 1246 2772; x_wconf 87' lang='lat' dir='ltr'>irritamentis</span> <span class='ocrx_word' id='word_1_176' title='bbox 1273 2729 1357 2771; x_wconf 83' lang='lat' dir='ltr'>reuo-</span> 
     </span>
     <span class='ocr_line' id='line_1_24' title="bbox 326 2811 1357 2896; baseline -0.004 -20"><span class='ocrx_word' id='word_1_177' title='bbox 326 2825 404 2876; x_wconf 89' lang='lat' dir='ltr'>caret</span> <span class='ocrx_word' id='word_1_178' title='bbox 418 2813 530 2884; x_wconf 87' lang='lat' dir='ltr'>lldeles,</span> <span class='ocrx_word' id='word_1_179' title='bbox 545 2813 619 2876; x_wconf 91' lang='lat' dir='ltr'>etad</span> <span class='ocrx_word' id='word_1_180' title='bbox 640 2813 754 2896; x_wconf 87' lang='lat' dir='ltr'>pletatis</span> <span class='ocrx_word' id='word_1_181' title='bbox 768 2834 802 2876; x_wconf 91' lang='lat' dir='ltr'>ac</span> <span class='ocrx_word' id='word_1_182' title='bbox 815 2813 932 2876; x_wconf 86' lang='lat' dir='ltr'>virtutis</span> <span class='ocrx_word' id='word_1_183' title='bbox 952 2812 1081 2876; x_wconf 89' lang='lat' dir='ltr'>studium</span> <span class='ocrx_word' id='word_1_184' title='bbox 1097 2811 1300 2873; x_wconf 84' lang='lat' dir='ltr'>inflammaret.</span> <span class='ocrx_word' id='word_1_185' title='bbox 1314 2845 1357 2857; x_wconf 89' lang='lat'><em>-</em></span> 
     </span>
     <span class='ocr_line' id='line_1_25' title="bbox 328 2913 542 2996; baseline -0.019 -18"><span class='ocrx_word' id='word_1_186' title='bbox 328 2914 404 2978; x_wconf 82' lang='lat' dir='ltr'>Edit.</span> <span class='ocrx_word' id='word_1_187' title='bbox 420 2913 468 2976; x_wconf 87' lang='lat' dir='ltr'>sot.</span> <span class='ocrx_word' id='word_1_188' title='bbox 484 2925 542 2996; x_wconf 85' lang='lat' dir='ltr'>pat.</span> 
     </span>
    </p>

    <p class='ocr_par' dir='ltr' id='par_1_5' title="bbox 328 3011 1358 3399">
     <span class='ocr_line' id='line_1_26' title="bbox 368 3011 1358 3097; baseline -0.003 -20"><span class='ocrx_word' id='word_1_189' title='bbox 368 3017 430 3078; x_wconf 89' lang='lat' dir='ltr'>Hoc</span> <span class='ocrx_word' id='word_1_190' title='bbox 455 3019 541 3076; x_wconf 80' lang='lat' dir='ltr'>etium</span> <span class='ocrx_word' id='word_1_191' title='bbox 568 3034 645 3075; x_wconf 85' lang='lat' dir='ltr'>enno</span> <span class='ocrx_word' id='word_1_192' title='bbox 674 3016 753 3078; x_wconf 69' lang='grc'>1784</span> <span class='ocrx_word' id='word_1_193' title='bbox 778 3013 896 3076; x_wconf 88' lang='lat' dir='ltr'>editur:</span> <span class='ocrx_word' id='word_1_194' title='bbox 921 3012 1114 3097; x_wconf 78' lang='lat' dir='ltr'>llerderlylten</span> <span class='ocrx_word' id='word_1_195' title='bbox 1141 3011 1219 3075; x_wconf 82' lang='lat' dir='ltr'>brief</span> <span class='ocrx_word' id='word_1_196' title='bbox 1238 3031 1292 3073; x_wconf 86' lang='lat' dir='ltr'>ran</span> <span class='ocrx_word' id='word_1_197' title='bbox 1319 3011 1358 3074; x_wconf 89' lang='lat' dir='ltr'>do</span> 
     </span>
     <span class='ocr_line' id='line_1_27' title="bbox 328 3114 1358 3201; baseline -0.006 -19"><span class='ocrx_word' id='word_1_198' title='bbox 328 3115 487 3201; x_wconf 80' lang='lat' dir='ltr'>uicarissen</span> <span class='ocrx_word' id='word_1_199' title='bbox 499 3114 631 3198; x_wconf 79' lang='lat' dir='ltr'>generael</span> <span class='ocrx_word' id='word_1_200' title='bbox 645 3114 695 3178; x_wconf 89' lang='lat' dir='ltr'>des</span> <span class='ocrx_word' id='word_1_201' title='bbox 711 3115 905 3197; x_wconf 88' lang='lat' dir='ltr'>openstaende</span> <span class='ocrx_word' id='word_1_202' title='bbox 917 3114 1031 3178; x_wconf 87' lang='lat' dir='ltr'>hisdem</span> <span class='ocrx_word' id='word_1_203' title='bbox 1047 3135 1100 3176; x_wconf 89' lang='lat' dir='ltr'>vau</span> <span class='ocrx_word' id='word_1_204' title='bbox 1118 3117 1293 3196; x_wconf 75' lang='lat' dir='ltr'>bntwerpen</span> <span class='ocrx_word' id='word_1_205' title='bbox 1311 3125 1358 3176; x_wconf 92' lang='lat' dir='ltr'>tot</span> 
     </span>
     <span class='ocr_line' id='line_1_28' title="bbox 329 3213 1356 3300; baseline -0.005 -20"><span class='ocrx_word' id='word_1_206' title='bbox 329 3217 365 3280; x_wconf 90' lang='lat' dir='ltr'>de</span> <span class='ocrx_word' id='word_1_207' title='bbox 389 3217 561 3300; x_wconf 79' lang='lat' dir='ltr'>religieusen</span> <span class='ocrx_word' id='word_1_208' title='bbox 585 3216 637 3280; x_wconf 85' lang='lat' dir='ltr'>der</span> <span class='ocrx_word' id='word_1_209' title='bbox 660 3216 840 3298; x_wconf 79' lang='lat' dir='ltr'>vernietigde</span> <span class='ocrx_word' id='word_1_210' title='bbox 864 3215 1006 3278; x_wconf 88' lang='lat' dir='ltr'>kloosters</span> <span class='ocrx_word' id='word_1_211' title='bbox 1025 3215 1135 3278; x_wconf 78' lang='lat' dir='ltr'>binnan</span> <span class='ocrx_word' id='word_1_212' title='bbox 1161 3214 1208 3276; x_wconf 89' lang='lat' dir='ltr'>die</span> <span class='ocrx_word' id='word_1_213' title='bbox 1226 3213 1300 3277; x_wconf 87' lang='lat' dir='ltr'>stad.</span> <span class='ocrx_word' id='word_1_214' title='bbox 1315 3249 1356 3262; x_wconf 90' lang='lat'>—</span> 
     </span>
     <span class='ocr_line' id='line_1_29' title="bbox 329 3319 987 3399; baseline -0.005 -19"><span class='ocrx_word' id='word_1_215' title='bbox 329 3320 417 3399; x_wconf 69' lang='lat' dir='ltr'>Pagg.</span> <span class='ocrx_word' id='word_1_216' title='bbox 432 3321 465 3389; x_wconf 74' lang='grc'>4,</span> <span class='ocrx_word' id='word_1_217' title='bbox 482 3319 567 3382; x_wconf 79' lang='lat' dir='ltr'>in·l⁰.</span> <span class='ocrx_word' id='word_1_218' title='bbox 985 3335 987 3340; x_wconf 75' lang='grc'>’</span> 
     </span>
    </p>

    <p class='ocr_par' dir='ltr' id='par_1_6' title="bbox 327 3414 1357 4004">
     <span class='ocr_line' id='line_1_30' title="bbox 370 3414 1357 3501; baseline 0 -23"><span class='ocrx_word' id='word_1_219' title='bbox 370 3421 462 3482; x_wconf 79' lang='lat' dir='ltr'>Initio</span> <span class='ocrx_word' id='word_1_220' title='bbox 479 3423 551 3487; x_wconf 80' lang='lat' dir='ltr'>onai</span> <span class='ocrx_word' id='word_1_221' title='bbox 569 3421 648 3480; x_wconf 72' lang='lat'>1785</span> <span class='ocrx_word' id='word_1_222' title='bbox 664 3437 680 3479; x_wconf 66' lang='lat' dir='ltr'>c</span> <span class='ocrx_word' id='word_1_223' title='bbox 697 3417 935 3501; x_wconf 79' lang='lat' dir='ltr'>Representation</span> <span class='ocrx_word' id='word_1_224' title='bbox 951 3416 1048 3479; x_wconf 74' lang='lat' dir='ltr'>seiten</span> <span class='ocrx_word' id='word_1_225' title='bbox 1066 3419 1103 3480; x_wconf 84' lang='lat' dir='ltr'>Sa</span> <span class='ocrx_word' id='word_1_226' title='bbox 1119 3415 1236 3497; x_wconf 81' lang='lat' dir='ltr'>Majeste</span> <span class='ocrx_word' id='word_1_227' title='bbox 1247 3435 1300 3498; x_wconf 85' lang='lat' dir='ltr'>par</span> <span class='ocrx_word' id='word_1_228' title='bbox 1313 3414 1357 3478; x_wconf 87' lang='lat' dir='ltr'>les</span> 
     </span>
     <span class='ocr_line' id='line_1_31' title="bbox 327 3517 1355 3602; baseline -0.001 -23"><span class='ocrx_word' id='word_1_229' title='bbox 327 3520 449 3582; x_wconf 87' lang='lat' dir='ltr'>vioaires</span> <span class='ocrx_word' id='word_1_230' title='bbox 463 3519 662 3602; x_wconf 81' lang='lat' dir='ltr'>capitulaires,</span> <span class='ocrx_word' id='word_1_231' title='bbox 683 3540 718 3581; x_wconf 90' lang='lat' dir='ltr'>au</span> <span class='ocrx_word' id='word_1_232' title='bbox 737 3518 813 3602; x_wconf 83' lang='lat' dir='ltr'>sujet</span> <span class='ocrx_word' id='word_1_233' title='bbox 827 3519 862 3581; x_wconf 87' lang='lat' dir='ltr'>de</span> <span class='ocrx_word' id='word_1_234' title='bbox 875 3519 952 3582; x_wconf 82' lang='lat' dir='ltr'>t’odtr</span> <span class='ocrx_word' id='word_1_235' title='bbox 971 3519 1009 3580; x_wconf 91' lang='lat' dir='ltr'>du</span> <span class='ocrx_word' id='word_1_236' title='bbox 1026 3521 1065 3580; x_wconf 64' lang='lat'>28</span> <span class='ocrx_word' id='word_1_237' title='bbox 1081 3517 1244 3600; x_wconf 90' lang='lat' dir='ltr'>septembre</span> <span class='ocrx_word' id='word_1_238' title='bbox 1258 3520 1355 3590; x_wconf 78' lang='lat'>1784,</span> 
     </span>
     <span class='ocr_line' id='line_1_32' title="bbox 328 3616 1357 3702; baseline -0.003 -22"><span class='ocrx_word' id='word_1_239' title='bbox 328 3633 505 3682; x_wconf 80' lang='lat' dir='ltr'>concernunt</span> <span class='ocrx_word' id='word_1_240' title='bbox 515 3620 556 3682; x_wconf 90' lang='lat' dir='ltr'>les</span> <span class='ocrx_word' id='word_1_241' title='bbox 566 3620 765 3701; x_wconf 82' lang='lat' dir='ltr'>mariages.-</span> <span class='ocrx_word' id='word_1_242' title='bbox 776 3622 833 3684; x_wconf 85' lang='lat' dir='ltr'>MS.</span> <span class='ocrx_word' id='word_1_243' title='bbox 844 3618 1065 3702; x_wconf 81' lang='lat' dir='ltr'>autographum.</span> <span class='ocrx_word' id='word_1_244' title='bbox 1078 3617 1191 3681; x_wconf 88' lang='lat' dir='ltr'>Citatur</span> <span class='ocrx_word' id='word_1_245' title='bbox 1201 3616 1256 3678; x_wconf 92' lang='lat' dir='ltr'>hoc</span> <span class='ocrx_word' id='word_1_246' title='bbox 1266 3616 1357 3678; x_wconf 89' lang='lat' dir='ltr'>docu-</span> 
     </span>
     <span class='ocr_line' id='line_1_33' title="bbox 330 3715 1356 3804; baseline -0.003 -22"><span class='ocrx_word' id='word_1_247' title='bbox 330 3735 458 3783; x_wconf 91' lang='lat' dir='ltr'>mentum</span> <span class='ocrx_word' id='word_1_248' title='bbox 471 3721 500 3782; x_wconf 91' lang='lat' dir='ltr'>in</span> <span class='ocrx_word' id='word_1_249' title='bbox 511 3719 609 3783; x_wconf 92' lang='lat' dir='ltr'>libello</span> <span class='ocrx_word' id='word_1_250' title='bbox 619 3719 741 3804; x_wconf 88' lang='lat' dir='ltr'>supplici</span> <span class='ocrx_word' id='word_1_251' title='bbox 753 3742 769 3782; x_wconf 90' lang='lat' dir='ltr'>a</span> <span class='ocrx_word' id='word_1_252' title='bbox 779 3720 918 3783; x_wconf 88' lang='lat' dir='ltr'>cardinali</span> <span class='ocrx_word' id='word_1_253' title='bbox 929 3718 1144 3803; x_wconf 90' lang='lat' dir='ltr'>archiepiscopo</span> <span class='ocrx_word' id='word_1_254' title='bbox 1156 3715 1356 3780; x_wconf 87' lang='lat' dir='ltr'>Mechliniensi</span> 
     </span>
     <span class='ocr_line' id='line_1_34' title="bbox 329 3817 1356 3905; baseline -0.005 -21"><span class='ocrx_word' id='word_1_255' title='bbox 329 3823 435 3886; x_wconf 86' lang='lat' dir='ltr'>caesari</span> <span class='ocrx_word' id='word_1_256' title='bbox 456 3821 553 3885; x_wconf 91' lang='lat' dir='ltr'>oblato</span> <span class='ocrx_word' id='word_1_257' title='bbox 570 3822 664 3905; x_wconf 85' lang='lat' dir='ltr'>quoad</span> <span class='ocrx_word' id='word_1_258' title='bbox 684 3821 720 3883; x_wconf 85' lang='lat' dir='ltr'>ad</span> <span class='ocrx_word' id='word_1_259' title='bbox 737 3821 866 3886; x_wconf 88' lang='lat' dir='ltr'>eamdem</span> <span class='ocrx_word' id='word_1_260' title='bbox 885 3821 1082 3904; x_wconf 89' lang='lat' dir='ltr'>quaestionem</span> <span class='ocrx_word' id='word_1_261' title='bbox 1096 3819 1132 3884; x_wconf 90' lang='lat' dir='ltr'>dc</span> <span class='ocrx_word' id='word_1_262' title='bbox 1147 3817 1356 3891; x_wconf 87' lang='lat' dir='ltr'>matriruouiis;</span> 
     </span>
     <span class='ocr_line' id='line_1_35' title="bbox 328 3924 763 4004; baseline -0.002 -18"><span class='ocrx_word' id='word_1_263' title='bbox 328 3924 394 3988; x_wconf 87' lang='lat' dir='ltr'>vide</span> <span class='ocrx_word' id='word_1_264' title='bbox 409 3926 545 4004; x_wconf 74' lang='lat' dir='ltr'>Synodici</span> <span class='ocrx_word' id='word_1_265' title='bbox 558 3936 577 3988; x_wconf 88' lang='lat' dir='ltr'>t.</span> <span class='ocrx_word' id='word_1_266' title='bbox 593 3925 636 3996; x_wconf 87' lang='lat'>11,</span> <span class='ocrx_word' id='word_1_267' title='bbox 648 3945 679 4004; x_wconf 86' lang='lat' dir='ltr'>p.</span> <span class='ocrx_word' id='word_1_268' title='bbox 693 3927 763 3988; x_wconf 67' lang='lat'>525.</span> 
     </span>
    </p>
   </div>
   <div class='ocr_carea' id='block_1_3' title="bbox 0 0 1500 4918">
    <p class='ocr_par' dir='ltr' id='par_1_7' title="bbox 0 0 1500 4918">
     <span class='ocr_line' id='line_1_36' title="bbox 0 0 1500 4918; baseline 0 0"><span class='ocrx_word' id='word_1_269' title='bbox 0 0 1500 4918; x_wconf 95' lang='lat' dir='ltr'> </span> 
     </span>
    </p>
   </div>
  </div>
 </body>
</html>
