2990 4918
570 461 688 556 (89)

113 618 201 660 coneo
217 597 405 680 algemeyneu
422 595 544 680 hiddag,
558 618 606 661 om
621 617 690 660 over
703 597 740 662 de
753 596 920 682 keyzcrlyke
933 615 1070 681 wapcnen
1086 597 1142 660 den

113 697 294 779 goddelyken
314 717 400 779 zegen
417 711 444 760 te
458 697 629 781 vcrirrygen.
643 703 675 761 in
695 701 743 772 4⁰,
759 719 843 781 pagg.
864 703 968 771 d9;,et
985 699 1014 760 in
1030 699 1142 762 collect.

113 820 157 882 op.
171 813 246 882 parc.
261 804 284 860 ΙΙ
299 820 326 882 p.
341 803 450 871 dvo-72,
467 799 517 862 ubi
532 812 627 862 textus
641 799 724 862 latini
735 801 771 862 ad
782 801 871 863 imam
884 800 996 882 primae
1006 800 1144 862 editionis

113 904 249 992 paginam
270 903 408 985 adscripti
428 903 547 978 desunt,
565 917 595 968 et
608 904 670 987 ipsa
684 903 805 987 epistola
825 924 945 968 erronee
963 903 1087 968 refertur
1107 904 1143 966 ad

8 1015 9 1074 ζ
113 1005 245 1068 dmartii
267 1010 352 1068 1777.

8 1175 9 1204 ἶ
153 1111 234 1169 1779
247 1109 294 1167 die
306 1109 326 1168 6
337 1108 490 1185 [cucurri.
506 1105 714 1170 vasten-bulis.
730 1109 819 1190 Pagg.
839 1109 878 1170 16
892 1105 983 1180 in·d⁰;
998 1118 1027 1170 et
1042 1107 1071 1170 iu
1083 1106 1144 1170 coi-

8 1205 9 1254 i
113 1208 178 1271 lect.
192 1229 241 1290 op.
257 1221 330 1288 part.
345 1211 368 1269 ΙΙ
384 1229 411 1290 p.
427 1213 528 1272 *ln-78.

152 1313 192 1370 Ἡ
208 1311 332 1388 dorcon
347 1314 460 1372 menois
483 1309 678 1394 Herderdykeu
699 1309 778 1375 brios
788 1332 835 1374 om
860 1323 887 1374 te
906 1310 1015 1392 stigson
1031 1310 1140 1374 birrucrr

112 1411 147 1472 dc
167 1410 232 1472 stad
250 1429 304 1472 van
323 1413 498 1494 Ancwerpen
519 1431 590 1474 eene
611 1409 832 1494 onderwynioge
857 1412 886 1474 iu
910 1411 946 1474 dc
968 1410 1143 1496 christclyko
1204 1402 1208 1418 ’

113 1514 241 1592 lecringe
265 1534 336 1575 voor
353 1512 485 1595 bejacrdc
505 1513 670 1578 menschen.
686 1517 810 1597 Pagae
829 1513 922 1587 ira-4⁰3
940 1526 970 1577 ct
984 1514 1014 1578 in
1030 1514 1143 1580 collect.

113 1636 159 1697 op.
174 1627 249 1697 part.
263 1617 299 1686 ΙΙ,
316 1635 341 1696 p.
357 1618 455 1678 nac-95.

152 1718 265 1780 Eodem
279 1721 333 1778 dic.
354 1716 549 1800 Herderiykeo
571 1715 650 1780 brici
667 1728 710 1780 cer
730 1715 905 1799 opwekking
926 1735 974 1778 om
990 1715 1020 1780 io
1036 1715 1072 1780 de
1086 1717 1145 1780 col·

114 1818 202 1891 ienae,
220 1819 267 1880 dic
284 1839 355 1882 voor
373 1819 409 1881 dc
422 1840 502 1882 ormo
522 1819 594 1882 door
614 1818 830 1903 miidadigheyd
850 1831 895 1882 tot
912 1817 962 1880 het
982 1816 1142 1900 hywooucn
1163 1806 1166 1812 ¹

113 1941 167 1982 van
188 1920 245 1981 deu
268 1919 459 1983 catechismus
476 1919 665 1994 concicilium,
686 1920 716 1982 in
738 1920 774 1983 de
796 1919 976 1983 cathedraolc
997 1940 1032 1982 en
1059 1939 1143 2002 paro·

114 2020 223 2082 chiuele
236 2021 343 2082 herken
358 2020 399 2084 zal
413 2020 522 2100 ,gcdnen
542 2021 678 2092 worden,
694 2019 870 2084 aelmoesscn
888 2019 1026 2084 touillon
1041 2041 1143 2103 genem

114 2122 174 2184 Fui.
190 2135 263 2205 pot.;
280 2122 359 2186 deest
373 2122 403 2186 iu
416 2123 532 2190 collect.
551 2144 598 2206 op.

152 2223 307 2286 socieruis
324 2228 389 2287 Jesu
406 2224 561 2307 templum,
580 2244 595 2286 a
610 2221 813 2306 suppressione
827 2221 914 2305 hujus
934 2222 1062 2287 insticuli
1078 2224 1151 2288 ham

114 2337 199 2388 tonus
218 2326 363 2397 clausum,
380 2338 478 2409 pulcre
494 2325 587 2388 voluit
601 2325 655 2388 sub
675 2325 905 2388 invocationes·
924 2326 1018 2389 Caroli
1039 2330 1143 2389 Borno-

115 2427 202 2499 maci,
222 2441 252 2490 ec
270 2427 300 2488 in
315 2448 349 2489 eo
365 2428 472 2509 templo
487 2427 616 2491 instituit
634 2426 856 2488 instructionem
872 2426 1076 2490 catecheticam
1092 2447 1143 2510 pro

114 2528 221 2594 adultis
247 2527 371 2609 siugulis
394 2527 496 2592 diebus
519 2527 675 2592 dominicis
693 2540 722 2590 ec
745 2526 827 2590 iestis
847 2526 952 2589 ordine
975 2528 1142 2591 catechismi

115 2629 331 2692 Mechiinicnsis
353 2629 536 2700 tradendam,
549 2641 582 2692 ut
605 2627 811 2711 praescribitur
825 2628 856 2690 iu
872 2628 992 2711 epistola
1007 2630 1144 2712 pastoraii

115 2730 150 2791 de
175 2730 222 2791 dic
246 2733 286 2791 ⁶2⁰2
311 2729 458 2792 februarii.
482 2730 585 2793 Aiebat
609 2729 723 2812 praesul
747 2750 779 2792 se
801 2729 932 2812 exemplo
955 2741 984 2792 ct
1008 2731 1145 2813 auspiciis

115 2833 143 2893 S.
159 2831 252 2896 Caroii
266 2830 300 2892 ad
317 2843 374 2892 tam
389 2842 522 2894 sanctum
536 2851 608 2914 opus
620 2829 709 2894 fuisse
722 2828 893 2902 excitatum,
909 2830 986 2911 quod
1002 2841 1034 2892 ut
1046 2830 1145 2894 iideles

117 2953 165 2994 seu
190 2953 244 3015 ope
269 2953 317 2994 seu
343 2931 531 3016 elecmosynis
552 2952 722 3015 promovere
742 2951 857 3014 quoquc
876 2930 1024 3003 studeant,
1045 2931 1144 2994 sedulo

9 3105 11 3118 Ι
116 3033 283 3096 exhortatus
302 3045 354 3096 cst.
371 3037 469 3096 Exstat
492 3033 522 3096 irr
545 3031 631 3116 hujus
652 3031 754 3117 templi
774 3031 907 3094 sacristia
928 3032 1146 3115 praesulisicon

9 3137 10 3140 ’
117 3154 182 3198 cum
195 3135 249 3198 hac
264 3135 475 3218 inscriptione:

389 3333 586 3369 rnnusrnrssmus
601 3332 631 3368 ac
648 3332 872 3370 uuonannassmos

452 3420 555 3455 ciconus
572 3421 667 3455 rnouus
684 3420 813 3473 winusus,
949 3389 953 3398 ¹

414 3506 465 3540 xvu
481 3505 692 3541 norcomannorum
705 3507 846 3559 scissurus,

364 3589 506 3626 corissum
525 3592 694 3627 rnsrmnmoun
711 3593 758 3628 ruo
775 3591 877 3629 scocris

550 3679 702 3730 amorreum,

428 3763 485 3800 num
503 3763 664 3817 susurrones,
680 3764 829 3802 rrnramnns

546 3849 728 3902 suessonicus,

482 3937 539 3972 auro
556 3936 685 3972 eccnnsms
705 3937 781 3972 occos

569 4021 693 4059 cosanum.
