3034 4908
813 434 962 533 (aaa)

375 574 483 656 picum,
496 573 571 656 quod
583 593 700 637 omnem
711 575 776 656 pagi
786 573 927 638 decimam
939 573 1073 638 habuisse
1082 573 1191 637 dieitur
1202 594 1235 638 ex
1246 575 1398 638 donatione
1510 643 1512 658 4

371 673 489 758 Aleydis
503 675 675 738 Beabantiae
688 675 828 741 ducissae.

657 837 697 888 18.
714 837 773 889 Sina
790 837 835 890 Jon
853 853 878 888 ne
896 837 994 896 a'Goon.
1013 839 1040 890 6.
1059 839 1113 890 tao.

413 966 500 1028 Vicus
516 964 586 1026 olim
607 963 751 1048 appendix
769 963 891 1028 dominii
909 963 948 1026 dc
961 963 1121 1034 Schooten,
1139 985 1156 1026 a
1176 985 1234 1047 qno
1252 964 1400 1047 sejunctus

374 1065 430 1127 luit
444 1084 503 1127 non
520 1063 613 1130 solum
629 1065 660 1128 in
676 1062 882 1146 temporalibus
898 1063 949 1126 sed
969 1077 998 1126 et
1018 1063 1048 1126 in
1068 1063 1283 1147 spititualibns,
1301 1077 1401 1145 utpote

374 1165 493 1227 ecclesia
507 1177 535 1227 et
549 1164 666 1248 proprio
689 1164 813 1247 parocho
834 1164 977 1246 gaudens,
999 1164 1146 1247 spectabat
1158 1165 1194 1227 ad
1215 1165 1399 1227 collationem
1510 1239 1512 1250 ⁴

374 1266 493 1349 capituli
508 1265 680 1328 cathedralis
695 1269 781 1328 Ante.

695 1407 736 1456 29.
754 1407 962 1457 Wnnnnnsnonon.
980 1409 1005 1458 G,
1023 1407 1079 1458 500.

415 1530 458 1592 Ad
471 1529 601 1613 ejusdem
611 1528 796 1592 collationem
809 1540 870 1592 enat
883 1529 1002 1592 ecclesia
1012 1531 1041 1592 S.
1053 1531 1200 1592 Laurentii
1216 1530 1304 1614 hujus
1319 1533 1397 1614 pagi,
1510 1489 1512 1492 Ι

374 1633 457 1716 cnjus
477 1631 638 1693 dominium
658 1633 782 1693 Senatus
799 1631 982 1713 Populnsque
996 1631 1215 1712 antverpiensis
1229 1653 1308 1694 anno
1325 1635 1399 1695 1616

375 1731 997 1820 aprincipcjucepignoratitioacquisivit.
1511 1735 1512 1742 ’

733 1895 773 1944 50.
790 1897 921 1946 Wnenaonc
940 1896 965 1944 G.
983 1894 1040 1946 866.
1091 1888 1094 1896 ’

414 2021 484 2102 Pagi
499 2019 627 2082 decimae
641 2019 711 2080 olim
724 2038 869 2101 possessae
880 2017 997 2080 fuerunt
1011 2037 1028 2080 a
1041 2018 1218 2081 monasterio
1232 2020 1261 2080 S.
1278 2019 1398 2081 Bavonis
1510 2065 1512 2110 ,

374 2122 517 2194 Gandavi,
532 2120 616 2203 cnjus
628 2119 717 2182 abbas
729 2119 771 2182 vel
785 2120 965 2202 praepositos
974 2131 1003 2181 et
1014 2119 1149 2202 deinceps
1162 2119 1317 2203 episcopus
1326 2123 1398 2183 Gen·
1511 2187 1512 2196 ,

374 2223 506 2286 dovensis
516 2220 682 2284 conferebat
692 2239 790 2282 onnam
803 2219 974 2302 pastoralem
985 2218 1121 2282 eeclesiae
1131 2222 1160 2282 S.
1172 2220 1282 2282 Bavoni
1294 2241 1396 2283 sacrae.
1510 2255 1512 2304 g

414 2322 579 2384 abbatias.
593 2319 741 2382 Michaelis
753 2325 838 2382 hotv.
853 2319 901 2381 hie
913 2319 1041 2402 amplum
1056 2319 1179 2383 habebat
1193 2319 1395 2393 latifundium,
1511 2311 1512 2320 ¹

376 2437 406 2488 et
418 2423 569 2506 plusquam
584 2421 788 2504 septemdecim
802 2421 899 2494 villas,
913 2441 1037 2503 quarum
1053 2423 1163 2504 aliquas
1178 2423 1215 2483 ah
1229 2444 1307 2485 anno
1324 2427 1392 2486 1161
1511 2463 1512 2484 t

374 2525 482 2588 edicto
497 2522 672 2586 monasterio
686 2541 829 2605 possessas
844 2521 931 2585 luisse
945 2519 1017 2584 dicit
1031 2527 1071 2584 Le
1086 2526 1148 2606 lloy
1161 2544 1208 2606 op.
1223 2525 1272 2588 eit.
1288 2546 1316 2608 p.
1334 2527 1396 2588 tta.
1511 2543 1512 2548 ¹

705 2685 746 2736 et.
763 2687 953 2736 Wonnntennn.
970 2687 995 2736 6.
1012 2685 1069 2737 566.

414 2818 588 2876 Pensonetus
607 2810 744 2876 ecclesiae
762 2813 811 2874 SS.
831 2810 925 2882 Petri,
942 2814 1063 2874 Cosmae
1075 2824 1105 2873 et
1120 2811 1251 2874 Damiani
1272 2833 1397 2878 annexus
1511 2895 1512 2898 Ἴ

375 2927 436 2979 erat
450 2913 687 2998 poenitentianiae
701 2910 873 2975 cathedralis
886 2911 1105 2994 hntnerpimsis
1121 2917 1144 2974 ¹.

413 3011 697 3098 depellentes-sacelli
711 3014 740 3075 S.
756 3012 876 3074 loannis
895 3011 1050 3094 Baptistae,
1067 3033 1156 3097 prope
1171 3013 1350 3095 praetorium
1364 3013 1397 3078 de
1510 3047 1512 3104 ;

374 3117 531 3199 sonipede,
546 3114 657 3196 insigni
669 3114 737 3176 doto
749 3124 811 3175 enat
824 3113 994 3176 instructos
1206 3111 1211 3119 “

413 3216 474 3280 Sub
487 3216 587 3278 eodem
603 3234 677 3297 pago
691 3213 804 3276 saeculo
819 3216 893 3276 xvn
904 3215 1053 3278 eonditum
1070 3215 1140 3288 luit,
1155 3216 1285 3298 impensa
1301 3220 1398 3280 Annae
1511 3261 1512 3274 .

374 3316 521 3387 laedonis,
539 3315 674 3378 dominae
696 3314 732 3376 do
750 3313 869 3397 Seclyn,
887 3315 991 3378 viduae
1008 3316 1127 3379 loannis
1143 3319 1258 3379 Roosen
1273 3317 1399 3381 consulis
1510 3309 1512 3362 l

373 3417 602 3500 hntvenpiensis,
617 3416 754 3478 sacellum
767 3416 796 3478 in
811 3417 952 3482 honorem
965 3419 1052 3481 Divae
1065 3417 1203 3498 Virginis.

413 3518 536 3580 abbatia
561 3519 591 3580 S.
616 3517 763 3580 Michaelis
788 3517 910 3580 habehat
933 3519 964 3580 in
988 3519 1223 3600 Wommelghena
1242 3520 1398 3602 spectabile
1510 3515 1512 3606 1

373 3617 575 3691 latilnndinm,
591 3618 696 3701 partim
710 3639 744 3680 ex
763 3619 839 3681 dono
854 3617 1007 3701 principis,
1022 3620 1127 3701 partim
1147 3639 1181 3681 ex
1199 3621 1397 3684 munificentia
1511 3629 1512 3696 t

375 3718 767 3794 lamiliaelmmenselionum‚
785 3719 945 3803 priscorum
963 3720 1049 3804 hnjns
1063 3721 1116 3784 loci
1128 3721 1325 3786 dominorum.

407 3928 417 3958 ¹
435 3932 524 3998 Supra,
537 3945 560 3996 p.
578 3932 633 3984 156.
