3034 4908
583 451 734 554 (295)

572 676 612 727 90.
630 675 696 728 Rrsu.
715 675 741 726 b.

182 821 215 882 ln
227 819 308 882 buida
323 819 462 883 Limitum
478 821 586 884 dicitur
599 823 694 902 Reyle.
709 819 764 884 Hic
778 839 881 904 paguS,
897 822 1021 884 omissus
1035 822 1064 884 iu
1080 822 1171 904 regis-

141 933 188 983 tro
199 921 361 984 Laudecani
372 923 574 1007 antverpiensi
584 943 670 1006 quem
681 923 751 986 citat
762 923 931 986 Diercxseus
942 928 1038 1007 (supra
1049 943 1077 1008 p.
1086 925 1172 1004 ⁰245),

141 1024 213 1086 olim
226 1024 369 1107 appendix
379 1026 414 1086 tle
425 1025 537 1108 Alpheo
551 1025 656 1087 deinde
666 1025 696 1087 iu
709 1025 872 1108 parochiam
884 1040 1009 1100 erectus,
1020 1023 1171 1090 ecelesiam

141 1123 228 1188 habet
242 1127 270 1188 S.
286 1125 414 1190 Antonio
429 1146 540 1188 sacram
554 1146 640 1209 quam
656 1126 822 1190 conferebat
834 1126 923 1190 abbas
938 1127 1168 1209 Tungerloeusis.

422 1323 461 1374 at.
480 1327 548 1376 {trun
565 1337 610 1376 seu
627 1339 675 1375 nun
692 1327 782 1376 Rauen.
799 1323 825 1376 b.
843 1325 900 1376 tto.

181 1465 269 1528 Vicus
279 1485 345 1528 cum
357 1465 460 1527 sacello
471 1467 499 1528 S.
510 1466 618 1528 Mariae
631 1466 921 1548 Magdaleuaesacro‚
932 1467 1075 1550 appendix
1089 1487 1169 1552 paro·

140 1565 222 1631 chiae
239 1566 276 1628 de
289 1567 379 1638 Gdse,
394 1567 608 1630 saeculoXVllt
624 1569 653 1629 in
668 1568 833 1650 parochiam
848 1580 970 1632 erectus.
985 1573 1169 1648 Pastoratum

140 1668 307 1734 conferebat
321 1669 473 1754 episcopus
486 1668 713 1754 antuerpiensis.
775 1733 778 1738 .

490 1872 529 1921 22.
548 1875 698 1924 Rusueuaun.
716 1875 741 1923 1..
758 1873 814 1924 80⁰.

180 2017 369 2080 Dominicaiia
394 2018 533 2100 quaedam
556 2018 642 2100 hujus
662 2020 728 2101 pagi
743 2019 811 2102 jura
832 2019 902 2082 oiim
925 2020 1109 2083 attinuerunt
1132 2021 1167 2083 ad

137 2116 284 2180 abbatiam
298 2121 327 2182 S.
344 2119 468 2182 maenis
481 2119 625 2189 Gandari,
643 2139 716 2202 quae
730 2120 779 2182 illa
794 2140 846 2202 pro
861 2137 959 2182 annuo
976 2133 1005 2182 et
1022 2121 1168 2184 irredimi-

138 2219 190 2280 bili
206 2219 319 2282 redditu
338 2241 385 2282 an.
405 2223 484 2284 toas
502 2220 685 2303 transcripsit
696 2222 822 2283 Hearieo
833 2222 973 2284 Nassovio
987 2221 1096 2284 Bredas
1115 2224 1168 2285 do·

138 2321 233 2395 rniuo,
249 2322 374 2403 exceptis
382 2321 497 2404 juribus
511 2333 682 2403 patronatus
695 2322 900 2384 ct'ooliationis
915 2322 1121 2385 beneficiorum
1135 2325 1165 2386 in

135 2421 193 2484 boc
213 2442 286 2505 pago
303 2423 380 2484 acin
396 2422 536 2495 Zuudert;
552 2422 649 2505 sicque
660 2420 709 2505 jus
723 2419 793 2484 illud
810 2424 969 2506 permansit
983 2445 1070 2507 penes
1084 2445 1166 2507 prae·

136 2524 264 2607 positum
279 2527 308 2587 S.
322 2525 447 2588 Batonis
459 2545 493 2586 ac
503 2525 607 2588 deiude
622 2546 708 2608 penes
718 2527 884 2610 episcopum
899 2528 1125 2591 Gaudarensem.

177 2630 209 2687 ln
223 2627 312 2688 aeteri
328 2625 447 2689 ecclesia
461 2628 661 2710 Rysbergana‚
676 2630 704 2690 S.
720 2631 827 2691 Baroui
840 2642 868 2690 et
878 2632 907 2692 S.
921 2629 1062 2692 Barbarae
1071 2651 1164 2704 sacra,

136 2727 259 2790 celebris
275 2727 345 2789 olim
368 2728 423 2789 fuit
437 2729 576 2790 memoria
596 2741 624 2792 et
639 2728 834 2812 peregrinatio
849 2732 898 2792 SS.
914 2733 1014 2794 Crucis
1025 2735 1046 2793 ¹.
1061 2733 1166 2796 Catbo·
1214 2787 1215 2790 ,

136 2830 202 2902 lici,
217 2851 250 2892 ex
264 2830 318 2892 bac
332 2830 401 2893 aede
415 2830 451 2890 ab
465 2830 618 2894 haereticis
628 2831 751 2914 expulsi,
762 2831 848 2894 aliam
859 2832 914 2894 sibi
925 2846 1166 2908 construxerunt,

136 2931 167 2994 iu
183 2951 240 3013 qua
259 2930 395 2993 mortales
411 2931 529 2994 exuviae
545 2931 701 2994 cardinalis
720 2931 929 3016 archiepiscopi
952 2933 1165 2996 Mecbliuieusis

134 3032 256 3118 Joaunis
275 3032 394 3097 Heuuici
412 3032 449 3095 de
468 3032 704 3114 Franckeuberg,
726 3032 834 3096 Bredas
850 3053 898 3096 au.
921 3036 1000 3104 tttot
1018 3033 1164 3109 defuncti,

135 3133 303 3196 reconditae
316 3145 385 3194 sunt
402 3145 469 3195 ante
486 3133 580 3217 majus
597 3133 695 3195 altare.
714 3135 900 3198 Venerandae
913 3135 1069 3198 memoriae
1082 3155 1165 3218 prae—

135 3234 208 3295 sulis
222 3253 299 3305 ossa,
319 3233 571 3316 praedecessorum
589 3254 707 3296 suorum
723 3235 869 3298 cineribus
883 3225 1065 3320 apponenda,
1081 3237 1165 3299 aedes

135 3337 358 3419 metropolitana
372 3336 585 3400 Mechliniensis
600 3336 781 3420 expostulare
797 3339 920 3402 videtur.

491 3540 532 3590 25.
549 3541 686 3590 sueonum,
704 3541 730 3590 L.
748 3532 803 3590 ido.
846 3553 849 3559 ·

175 3671 326 3753 appendix
347 3671 417 3734 olim
439 3671 591 3753 parochiae
611 3671 646 3733 de
670 3674 754 3734 Etten
780 3675 882 3757 (supra
905 3694 985 3735 uum.
1005 3675 1050 3752 9).
1069 3677 1100 3736 ln
1122 3674 1162 3736 di·

134 3775 261 3858 plomate
284 3773 463 3835 fundationis
483 3771 615 3836 abbatiae
641 3771 796 3837 'iborensis
820 3787 998 3838 memoratur
1016 3779 1161 3840 castellam

168 3992 175 4020 ¹
194 3993 242 4047 Cir.
254 3993 394 4046 Wicbmans
406 4010 446 4063 op.
458 3993 499 4046 cit.
512 4011 534 4064 p.
550 3995 605 4045 545.
