2978 4916
554 457 704 560 (rra)

110 609 165 668 unt
181 597 268 666 lroras
286 596 449 663 monnicae.
469 600 510 662 Ex
524 597 570 663 bis
584 597 705 680 aliisque
724 595 897 680 praebendis
908 595 943 658 ad
958 593 1141 686 collationem

107 701 229 782 capituli
251 701 469 782 antuerpiensis
490 698 720 782 pertinentibus,
744 700 877 764 Clemens
898 701 946 766 vu
966 718 1042 766 auno
1065 703 1143 765 {bib

107 802 200 866 crexit
213 801 373 883 capitulum
389 812 455 864 octo
476 801 683 868 canonicorum
699 821 765 865 cuna
781 801 919 864 decano¹.
940 800 1028 881 idque
1042 798 1078 860 ab
1094 800 1143 863 illo

108 902 246 985 pontilioe
259 901 367 964 lectum
380 900 436 962 luit
449 901 485 966 ad
498 901 667 984 petitionem
682 900 802 965 Antonii
818 900 929 968 Lalaini
946 899 1032 983 primi
1048 903 1145 980 Hoog-

108 1018 216 1067 stratae
237 1004 369 1077 cernitis,
393 1004 511 1086 eJusqua
531 1003 665 1087 conjugis
680 1003 814 1068 leubellae
828 1004 863 1069 de
878 1003 1075 1076 Culeuborch,
1093 1003 1144 1086 qui

107 1120 235 1191 quatuor
264 1106 455 1172 fundaverant
484 1106 662 1189 praebendas
689 1127 811 1190 quarum
842 1106 958 1195 collatio
987 1106 1144 1172 comitibus

109 1210 332 1289 lloogstratauis
356 1221 501 1274 reseruata
525 1209 642 1274 mansit.
666 1211 798 1283 Quatuor
817 1228 886 1275 uero
909 1207 1036 1290 reliquae
1060 1229 1144 1292 prae-

107 1309 218 1372 bendae
234 1323 346 1372 erectas
366 1330 400 1371 ex
424 1310 552 1392 antiquis
576 1309 740 1382 beneflciis,
762 1309 797 1371 ad
817 1308 1001 1377 collationem
1023 1308 1143 1392 capituli

106 1411 329 1494 antuerpiensis
352 1411 582 1496 pertinentibus,
609 1412 643 1475 ad
660 1411 788 1494 ejusdem
813 1411 933 1494 capituli
958 1412 1142 1476 collationem

106 1511 288 1596 spectabant.
1032 1587 1034 1594 Ι

147 1619 179 1678 ln
201 1615 291 1676 citato
316 1613 473 1677 Clementis
498 1609 546 1676 vtt
570 1612 727 1698 diplomate
747 1626 955 1676 enumerantur
975 1625 1034 1676 troo
1056 1611 1144 1696 hujus

106 1719 218 1796 cellapii
227 1705 443 1796 capellanorum
455 1735 504 1778 seu
515 1715 634 1798 capituli
647 1734 786 1797 personae
798 1714 840 1777 vel
852 1714 1020 1794 dignitates,
1031 1713 1143 1778 scilicet

106 1821 210 1882 Rector
227 1821 407 1888 scholarum,
427 1819 556 1882 Curatur
574 1839 625 1884 seu
646 1817 800 1900 plebanus,
823 1830 851 1880 et
868 1820 1003 1880 Director
1017 1820 1142 1897 capellu-

104 1940 211 1981 norum
226 1939 275 1980 seu
291 1918 426 1980 decanus.
440 1919 494 1980 Hic
510 1941 525 1980 a
540 1919 689 1982 canonicis
703 1919 879 2000 eligebatur;
893 1919 1032 2002 plebanus
1045 1941 1113 1981 uero
1125 1939 1142 1982 a

105 2021 214 2084 cornito
225 2019 260 2080 ad
273 2040 372 2083 aurern
387 2021 549 2082 animarum
563 2020 809 2103 praesentabatur.

144 2121 190 2183 Ad
216 2119 366 2182 ecclesiam
390 2111 645 2201 Hoogslratanann,
667 2141 742 2204 quae
764 2123 792 2183 S.
813 2121 984 2184 Catberinae
1002 2121 1142 2203 inscripta

105 2234 162 2294 est,
184 2242 262 2284 anno
280 2225 357 2284 1655
371 2243 405 2284 ex
421 2221 520 2290 Bnrrtel
535 2224 565 2284 in
585 2223 726 2305 Majoratu
743 2223 955 2285 buscoducensi
971 2221 1142 2284 translatum

106 2323 160 2386 fuit
181 2322 331 2406 corporale
352 2345 398 2386 an.
421 2326 499 2387 ‘1264
520 2325 662 2406 sanguine
680 2329 747 2389 lesu
766 2325 872 2388 Christi
887 2324 1038 2387 saluatoris
1052 2325 1139 2385 mira-

106 2425 203 2488 culose
218 2425 378 2498 imbutum,
391 2425 474 2508 cujus
486 2425 526 2487 rei
540 2427 678 2488 memoria
693 2447 799 2507 magna
814 2426 941 2488 fidelium
955 2426 1141 2489 ueneratione

105 2539 131 2592 et
143 2547 291 2617 concursu
304 2527 461 2610 quotannis
476 2526 614 2590 recolitur
627 2527 774 2590 dominica
783 2529 833 2590 SS.
848 2527 1033 2590 Trinitatis2.

478 2745 574 2808 Series
587 2748 769 2808 decanum.

147 2912 169 2968 1.
192 2907 265 2982 Quis
280 2906 315 2967 ab
330 2919 426 2969 erecto
437 2908 564 2990 capitulo
578 2928 624 2969 an.
638 2911 714 2969 1525
726 2906 813 2969 fuerit
829 2907 939 2990 primus
949 2906 1074 2968 decanus
1088 2927 1137 2968 seu

105 3009 235 3076 director
256 3007 486 3093 capellanorum,
513 3029 570 3080 pou
595 3008 680 3092 plaue
703 3021 825 3073 constat.
850 3011 890 3070 Er
913 3007 1069 3070 Clementis
1090 3011 1139 3069 Vll

106 3109 267 3192 diplomate
285 3108 435 3188 colligitur
455 3109 642 3171 Guilielmum
658 3109 790 3179 Chabon,
812 3121 953 3171 rectorern
971 3128 1020 3192 sau
1041 3122 1138 3191 pasto-

104 3232 167 3278 rem
181 3210 354 3292 parochialis
364 3211 500 3282 ecclesiae
511 3214 755 3293 Hoogstratanae,
768 3232 873 3275 munus
885 3233 970 3276 suurn
982 3233 1028 3276 an.
1045 3216 1138 3284 ttae,

106 3313 316 3394 resignavisse,
331 3325 363 3372 ut
374 3313 494 3396 capituli
511 3314 618 3378 erectio
633 3314 846 3396 perficeretur³.
866 3315 1066 3378 Successorern
1088 3312 1137 3375 illc

105 3414 210 3477 babuit
226 3415 382 3474 Hubertura
402 3416 466 3476 Vua
483 3417 673 3493 Leemputtcu,
690 3416 738 3498 qui
755 3415 829 3486 ultra
842 3436 934 3482 anuos
947 3415 1138 3499 quadraginta

105 3526 206 3600 pastor
219 3533 253 3578 ac
267 3513 405 3596 plebanus
420 3515 488 3589 luit,
502 3527 531 3578 et
547 3515 667 3597 forsitan
686 3517 784 3584 eodcur
806 3528 934 3599 ternpore
950 3515 1069 3599 capituli
1089 3516 1138 3577 de·

140 3730 149 3760 ¹
169 3728 222 3780 riu.
235 3727 316 3779 literae
326 3728 390 3792 apud
403 3726 527 3792 Minaeum,
539 3743 578 3792 op.
591 3727 712 3795 cit.,tun1.
725 3729 760 3794 11,
769 3746 793 3798 p.
808 3729 879 3780 1277.

138 3816 149 3846 ⁸
168 3813 216 3864 Cir.
235 3814 321 3863 Miror·
339 3815 414 3863 Furti
429 3815 513 3879 Belo,
531 3829 554 3876 p.
571 3813 630 3880 oto,
646 3823 669 3863 et
686 3816 737 3864 Van
755 3814 816 3880 Gils,
836 3814 965 3880 Kotbolylr
986 3813 1135 3878 Meyerysclr

105 3899 315 3965 Memort'cboelt,
326 3915 350 3963 p.
363 3901 419 3948 262.

138 3989 149 4017 ⁸
168 3986 270 4054 Diplorn.
281 3986 359 4053 Belg„
374 3994 432 4034 tom.
443 3987 476 4053 ll,
489 4001 512 4052 p.
526 3986 598 4039 tarr.
