3012 4912
424 1087 563 1166 Joseptas
578 1086 731 1150 Acamas
744 1089 916 1150 Franciscm
939 1087 1122 1156 Werbroucl,
1140 1084 1216 1148 XIV
1224 1090 1311 1165 episc.

398 1291 441 1350 En
453 1287 519 1351 sede
533 1289 780 1352 lluraemuudensi
794 1289 829 1352 ad
841 1289 1089 1371 Antverpieusem‚
1105 1288 1388 1351 auctoritatellene·
1488 1343 1490 1360 ,

359 1390 431 1455 dicti
441 1392 518 1462 71111,
527 1388 574 1452 die
585 1395 621 1452 17
630 1390 755 1473 januarii
770 1393 848 1454 1716
859 1389 1015 1452 translatus
1027 1401 1080 1452 est.
1095 1391 1164 1452 Erat
1176 1389 1202 1451 is
1211 1401 1298 1452 natus
1312 1389 1389 1470 lpris

360 1491 566 1562 Flandrorum,
589 1505 668 1574 patre
687 1492 797 1554 Judoco
822 1489 1015 1560 Werbroack‚
1035 1488 1245 1572 jurisconsulto
1266 1500 1296 1550 et
1316 1509 1387 1550 can-
1489 1529 1490 1540 ι

360 1592 491 1655 cellariae
510 1591 670 1674 lprensium
684 1590 817 1674 syndico,
838 1604 867 1653 ct
887 1603 979 1655 matre
998 1590 1167 1652 Constantia
1181 1589 1388 1652 Adriaensens.
1489 1585 1490 1648 J

359 1693 487 1755 Peractis
501 1692 687 1754 literarumet
702 1691 861 1772 theologiae
871 1691 976 1753 studiis
990 1690 1186 1770 uuactgradu
1200 1690 1345 1753 licentiati
1355 1691 1388 1752 in
1489 1747 1490 1768 p

360 1794 502 1874 theologia
516 1807 545 1856 et
559 1807 681 1876 utroque
691 1796 757 1875 jure
772 1793 939 1874 insignitus,
948 1791 1096 1854 canonicis
1106 1791 1242 1854 ecclesiae
1259 1791 1389 1874 lprensis

359 1896 522 1977 adscriptas
535 1907 592 1967 est;
606 1915 683 1956 anno
701 1906 796 1956 autem
814 1897 889 1956 ttta
903 1895 950 1956 die
972 1899 1009 1957 ts
1023 1893 1152 1956 octobris
1166 1893 1334 1956 nominatus
1351 1894 1389 1955 ad
1488 1929 1490 1944 ‹

360 1998 556 2081 episcopatum
572 1996 873 2068 Ruraemundensem‚
895 1997 967 2080 ipris
984 1996 1031 2058 dis
1047 1999 1085 2060 19
1099 1993 1272 2078 septembris
1284 2013 1389 2060 conse·
1489 2023 1490 2052 r

359 2100 517 2164 orationem
529 2100 639 2182 aceepit
648 2100 684 2164 ab
695 2099 774 2162 illius
786 2099 922 2162 ecclesiae
934 2100 1068 2184 episcopo
1079 2099 1235 2162 Gailielrno
1245 2097 1388 2173 Delvaux,
1489 2111 1490 2136 t

360 2201 407 2264 cui
420 2219 504 2262 carus
517 2201 626 2262 exstitit
638 2212 667 2262 et
681 2221 702 2262 a
711 2200 840 2264 consiliis
855 2200 920 2264 luit.

400 2300 573 2382 Antverpiae
586 2301 616 2362 in
631 2321 721 2364 novae
735 2301 812 2364 sedis
825 2303 1034 2384 possessionem
1045 2301 1188 2364 admissus
1201 2313 1244 2364 est
1258 2320 1309 2382 per
1319 2321 1388 2383 pro-

359 2415 520 2465 curatorem
532 2402 696 2485 Philippum
711 2402 866 2484 Josephum
882 2405 976 2474 Cano,
991 2401 1171 2464 decanumet
1185 2400 1327 2463 vicarium
1337 2421 1389 2481 ge-

361 2503 551 2574 neralem‚dic
565 2506 601 2565 tu
613 2502 710 2565 martii
722 2506 816 2575 1716;
827 2502 932 2566 deinde
947 2503 1068 2586 ipsemet
1080 2502 1126 2566 die
1136 2505 1175 2564 tu
1187 2502 1255 2564 maii
1267 2521 1390 2584 sequen·
1488 2523 1489 2532 ¹

359 2604 398 2666 tis
414 2615 551 2667 consueta
568 2623 635 2666 curn
653 2603 837 2666 solemnitate
855 2603 1004 2666 ecclesiam
1019 2622 1100 2666 suam
1115 2601 1205 2676 adiit,
1218 2601 1390 2666 calamitoso
1488 2651 1489 2656 η

358 2705 474 2788 quidem
499 2718 628 2787 ternpore
648 2725 706 2787 quo
726 2703 839 2766 obsidio
857 2703 1028 2768 imminebat
1047 2703 1175 2774 civitati,
1194 2721 1267 2785 quae
1284 2701 1333 2764 dic
1347 2706 1389 2768 20

359 2805 487 2888 ejusdem
503 2807 610 2868 mensis
623 2806 653 2866 in
667 2817 842 2888 potestatem
852 2805 989 2867 Ludovici
1001 2807 1052 2868 XV
1067 2804 1144 2886 regis
1153 2803 1261 2867 Galliae
1271 2803 1389 2868 redacta

359 2919 412 2972 est.
427 2908 586 2991 Episcopus
598 2908 695 2990 itaque
708 2907 800 2970 eidem
824 2908 902 2988 regi,
923 2920 994 2969 tunc
1013 2907 1045 2970 in
1064 2919 1159 2970 castro
1180 2906 1215 2969 de
1235 2906 1390 2970 Boucbout
1487 2981 1489 2996 1

356 3008 439 3091 juxta
467 3012 569 3092 Lyram
600 3009 809 3078 commoranti,
835 3006 984 3070 fidelitatis
1009 3007 1207 3089 juramentum
1240 3018 1390 3091 praestat-c
1487 2997 1489 3074 l

359 3110 475 3191 cogitur
497 3110 544 3172 die
566 3113 605 3171 ⁶25
626 3108 754 3193 ejusdem
777 3109 885 3170 mensis
905 3109 987 3180 maii,
1008 3123 1038 3171 ct
1057 3109 1198 3190 postridie
1217 3109 1249 3171 in
1269 3121 1388 3172 coetum

359 3211 503 3274 Ordinato
517 3210 689 3274 Brabantiac
702 3209 878 3272 admittitur.

402 3315 480 3374 1716
497 3316 543 3374 die
556 3315 575 3374 6
583 3312 676 3390 junii,
702 3310 733 3372 in
756 3308 828 3372 lesto
847 3310 984 3391 Corporis
1003 3308 1125 3382 Christi,
1146 3321 1213 3390 post
1231 3311 1388 3374 missarum

360 3411 508 3480 solemnia.
519 3411 670 3493 episcopus
679 3409 842 3472 venerabile
851 3411 1070 3472 Sacramentum
1080 3429 1130 3493 per
1141 3409 1221 3472 urbis
1230 3411 1389 3474 circuitum

360 3512 500 3593 portavit,
515 3513 577 3591 ipso
590 3531 657 3591 rege
670 3509 828 3574 comitante
841 3522 870 3570 et
884 3509 973 3570 facem
990 3530 1075 3576 manu
1089 3521 1228 3590 gestante.

403 3616 479 3676 1717
494 3617 539 3676 dic
553 3617 590 3674 17
606 3617 687 3674 arcii.
700 3611 833 3674 Publicat
842 3610 1063 3692 indulgentiasa
1076 3612 1231 3676 Benedicta
1244 3615 1307 3676 xlv
1317 3633 1389 3676 con-
1487 3623 1489 3668 t

360 3735 466 3788 cessas,
483 3727 514 3777 ut
529 3713 626 3776 fideles
639 3714 828 3776 excitentura
842 3713 1005 3794 pastoribus
1019 3715 1054 3776 ad
1066 3715 1217 3790 orandum.
1487 3705 1488 3716 ³

402 3821 437 3877 11
450 3819 621 3895 septembris.
633 3817 757 3897 Operam
772 3815 884 3896 praesul
896 3814 1022 3888 contulit
1034 3814 1063 3876 in
1076 3835 1160 3876 causa
1170 3835 1235 3878 ven.
1249 3816 1323 3878 servi
1337 3816 1388 3878 Dei

358 3918 675 3979 loannisBerclunans.
1487 3971 1488 3978 ,

384 4017 438 4083 ‘ts
458 4022 630 4099 septembris.
644 4018 863 4099 Bergizomense
877 4015 1015 4099 oppidum
1038 4014 1176 4078 dioecesis
1196 4019 1389 4100 Antvcrpien·
1486 4021 1488 4036 ¹
