2990 4918
118 625 318 699 eonllnebant;
331 625 439 688 civium
452 645 520 687 vero
538 645 604 708 pars
615 625 702 706 longe
716 623 852 694 maxima,
867 621 945 685 domi
961 621 1086 694 reclusa,
1100 642 1148 684 os·

119 727 255 790 tendebat
269 727 340 791 satis
353 749 496 810 superque
515 740 655 810 qrrantum
673 727 798 790 Gallicae
815 726 899 789 istius
918 724 1060 788 libertatis
1075 734 1150 788 esset

120 841 260 913 pertaesa.

159 935 179 994 8
198 935 310 993 martii.
323 930 548 993 commissarius
559 929 741 1012 reipublicae
750 931 785 1006 lle
797 930 993 990 coormissoirc
1006 930 1045 988 du
1059 925 1152 989 direc-

118 1037 192 1096 toire
208 1035 347 1114 enecatis)
368 1031 481 1094 inhibet
505 1030 669 1115 pastoribus
690 1029 805 1114 publice
823 1043 939 1114 portare
952 1028 1095 1092 Viaticum
1115 1028 1151 1090 ad

119 1146 268 1216 aegrotos,
281 1133 384 1218 quade
398 1155 430 1194 re
444 1146 572 1216 pastores
589 1131 688 1195 libello
702 1133 825 1216 supplici
844 1131 973 1214 querelas
986 1128 1152 1192 detulerunt

119 1235 153 1298 ad
167 1235 302 1297 tribunos
313 1233 422 1318 populi.
437 1269 473 1282 -
490 1239 568 1312 Aeto
584 1239 669 1314 episc.
681 1237 732 1315 [cl.
747 1237 796 1296 lb.

161 1340 175 1398 l
200 1339 282 1398 mcii.
297 1335 402 1416 Agitur
415 1334 449 1396 de
462 1334 655 1398 convertendo
669 1332 825 1396 seminario
840 1333 995 1417 episcopali
1010 1335 1040 1398 in
1056 1357 1150 1400 carne·

119 1458 181 1500 ram
195 1435 380 1516 uectigalium
393 1435 576 1518 reipublicae.

159 1541 199 1600 dd
219 1539 342 1617 ejusdmu
355 1541 468 1598 morceis.
479 1537 677 1617 Magistratus,
689 1534 826 1598 immissis
838 1537 998 1619 equitibus,
1011 1538 1152 1622 dispergit

120 1639 221 1702 turbas
232 1638 359 1700 fidelium
374 1639 556 1720 sequentium
573 1651 716 1721 pastorem
731 1637 877 1701 Viatioum
892 1639 927 1700 ad
943 1651 1076 1722 aegrotos
1087 1663 1154 1724 por-

113 1748 242 1804 tantem.

160 1847 201 1905 28
220 1845 329 1922 modam
349 1845 463 1902 mensis.
484 1841 648 1923 Exignnlnr
666 1840 788 1922 registra
810 1837 1035 1923 baptizatorum,
1054 1842 1155 1925 conju-

120 1955 255 2024 gatorum
273 1956 301 2005 et
318 1941 534 2013 defunctorum,
553 1962 627 2024 quae
646 1942 786 2006 hactenus
806 1943 835 2004 in
859 1944 1043 2027 presbyteriis
1058 1965 1154 2006 serva·

120 2043 238 2106 bantur,

160 2150 181 2208 5
195 2147 286 2224 junii.
316 2147 459 2206 Numerus
489 2143 663 2206 vicariorum
691 2144 883 2224 generalium,
902 2157 1036 2226 angetur,
1062 2146 1154 2231 iisque

119 2245 296 2308 adscribitur
308 2245 449 2327 losephus
463 2248 601 2324 largeur,
622 2245 651 2306 in
666 2245 822 2306 seminario
833 2245 988 2330 episcopali
1001 2247 1154 2330 professor.

161 2352 181 2410 8
197 2351 290 2428 junii.
303 2346 651 2423 continuandorum,
665 2369 723 2429 quo
735 2349 874 2411 statuitur
888 2350 963 2433 quod
976 2371 1076 2412 omnes
1090 2351 1156 2412 reli·

120 2448 215 2532 giosi,
238 2469 360 2532 qnorum
382 2448 556 2511 monasteria
580 2469 732 2531 suppressa
753 2449 868 2511 lucrant
889 2452 1049 2534 imperante
1074 2456 1153 2514 lose·

121 2552 180 2634 pbo
195 2554 232 2622 ll,
243 2564 272 2612 et
286 2549 335 2634 qui
350 2550 405 2614 boc
418 2549 503 2612 titulo
518 2550 682 2632 gaudebant
696 2551 834 2632 pensione
845 2573 878 2614 ex
890 2555 1000 2615 aerario
1016 2553 1151 2635 publico,

120 2651 260 2734 deinceps
270 2650 319 2713 illa
331 2653 469 2734 pensione
479 2673 538 2713 non
549 2651 675 2734 amplius
686 2651 860 2725 fruerentur,
871 2653 927 2715 nisi
939 2675 1036 2717 coram
1049 2656 1154 2736 magis-

122 2767 201 2816 tratu
210 2753 378 2817 solemniter
387 2755 673 2818 declararentodium
683 2755 819 2838 dignitati
830 2758 937 2838 regiae,
951 2758 1157 2840 acjuramento

121 2856 301 2919 affirmarent
311 2877 341 2918 se
354 2855 529 2939 reipublicae
540 2856 703 2918 Gallicanae
713 2858 832 2920 devotos
845 2857 907 2920 lore
916 2871 945 2921 et
957 2859 1063 2922 fideles.
1076 2859 1153 2922 ldem

122 2971 265 3024 statutum
280 2957 336 3020 luit
347 2959 441 3041 quoad
454 2970 580 3040 pastores
590 2978 748 3040 omnesque
762 2959 983 3033 ecclesiasticos,
996 2961 1044 3043 qui
1059 2982 1092 3022 ex
1107 2945 1156 3022 de·

123 3060 220 3130 nimis,
233 3079 304 3143 qnos
314 3059 388 3122 Calli
403 3059 458 3121 sibi
473 3059 671 3130 vindicabant,
685 3060 852 3142 pensionem
866 3062 993 3146 recipere
1004 3060 1157 3125 dehebant.

164 3168 183 3227 8
198 3166 280 3243 julii.
300 3165 486 3244 Magistratus
501 3163 585 3246 jubet
605 3163 731 3227 amoveri
747 3185 780 3226 ex
798 3164 927 3227 ecclesiis
944 3164 1064 3248 aliisque
1084 3165 1157 3228 locis

104 3253 321 3352 'quaecumque
345 3267 471 3348 insignia
489 3267 652 3330 nobilitatis
671 3272 725 3346 (les
748 3274 914 3342 oraroirics,
939 3288 1109 3341 couronnes,
1132 3281 1157 3331 et

125 3381 221 3432 autres
234 3375 327 3450 signes
343 3373 376 3431 de
388 3372 540 3450 feodalite).

164 3477 183 3535 tt
203 3475 375 3553 septembris.
391 3472 496 3546 Vicarii
511 3471 657 3554 generales
670 3473 797 3536 comitiis
814 3473 970 3536 Gallicanis
980 3475 1100 3552 (conscii
1110 3475 1157 3535 des

125 3579 187 3657 cinq
198 3587 285 3644 centa,
299 3578 402 3637 conscii
411 3579 459 3637 des
470 3569 584 3636 comeus
594 3585 619 3636 et
630 3579 778 3638 directoire
788 3577 924 3656 cadmitis)
939 3574 1064 3637 ollerunt
1074 3573 1157 3637 libel·

126 3675 167 3739 los
188 3676 331 3760 supplices
352 3676 386 3738 ad
408 3676 620 3759 impediendam
644 3678 883 3740 monasteriorum
907 3677 1155 3760 suppressionem,

127 3797 197 3860 quae
216 3790 312 3840 tamen
334 3799 399 3840 mon
415 3778 529 3841 decretu
551 3777 616 3840 luit.
631 3815 671 3825 -
685 3779 760 3842 Aeto
777 3783 861 3858 misc.
878 3781 932 3860 fol.
950 3799 977 3840 c.
992 3781 1031 3841 69
1045 3789 1070 3840 et
1084 3799 1157 3860 seqq.

164 3885 204 3942 l'l
224 3883 354 3942 octobris.
375 3880 555 3943 Vicariorum
577 3879 756 3962 generalium
777 3885 862 3942 butu.
878 3900 1047 3963 responsum
1062 3878 1097 3943 ad
1116 3881 1159 3942 ui·
1247 3893 1249 3896 “

127 3984 216 4047 uarios
230 3983 381 4066 generales
390 3983 595 4048 'Gandavenses
609 3983 703 4067 quoad
724 3970 966 4047 monasteriorum
982 3982 1160 4066 suppressio·
