2990 4918
821 467 936 571 (aa)

364 610 408 670 bet
417 611 507 672 loercrr
517 631 550 670 ea
562 611 761 691 podluruebts'p
776 612 935 692 opbranpeo
953 627 1012 672 ooo
1026 611 1122 674 boone
1139 610 1387 673 roboalln'oderen.

364 713 482 773 Constat
498 725 552 772 art.
567 714 606 778 X,
620 711 690 772 edit.
709 716 793 773 llntv.
810 711 859 772 sol.
874 712 949 794 plau.
965 711 1040 794 apud
1056 711 1172 774 viduam
1188 712 1266 774 Petri
1280 713 1387 774 Jooret.

404 816 564 894 bouqueti.
583 811 710 893 Epistola
729 813 881 894 pastoralis
901 812 937 874 de
955 810 1096 874 festorum
1117 812 1230 875 dierum
1252 812 1388 875 imminu-

363 913 455 984 tione,
474 934 490 974 a
508 913 663 974 Benedicta
681 917 742 974 xlv
757 935 809 996 pro
828 914 989 975 ditionibus
1006 913 1110 976 domus
1134 915 1300 977 bustriacae
1315 913 1388 976 lacta

362 1013 477 1075 decreto
491 1013 526 1074 de
540 1014 587 1075 die
601 1019 619 1074 ὅ
633 1015 733 1095 aprilis
751 1019 841 1092 1751,
855 1027 991 1076 manente
1006 1015 1109 1078 missae
1122 1015 1310 1094 obligatione.
1328 1019 1388 1077 lloe

360 1116 446 1177 etiarn
462 1129 592 1196 tempore
605 1115 641 1176 ab
655 1116 790 1197 episcopo
811 1115 966 1194 abrogatae
984 1128 1054 1177 sunt
1074 1115 1285 1198 procoesiones
1301 1116 1389 1196 vulgo

360 1237 574 1296 ommeportpm,
589 1214 820 1276 subalternorum
836 1214 1047 1298 parochiarum.

400 1321 437 1378 17
452 1321 612 1378 decersbrds.
634 1317 805 1398 Episcopus.
821 1315 976 1398 requisitus
989 1335 1006 1378 a
1019 1314 1174 1397 gubernio,
1190 1314 1309 1379 mandat
1326 1315 1388 1378 lieri

358 1431 465 1481 statum
490 1439 539 1478 seu
566 1417 789 1500 descriptionem
816 1417 927 1499 piarum
953 1415 1158 1480 fundationum
1179 1416 1235 1480 sub
1257 1416 1387 1480 dominio

359 1541 490 1584 caesareo
505 1522 534 1582 in
549 1541 600 1582 sua
616 1519 741 1582 dioecesi
755 1520 950 1582 existentium.

401 1626 478 1685 tana
495 1625 540 1683 da‘e
559 1626 597 1684 l8
617 1627 697 1682 mcii.
713 1621 847 1682 Edictum
863 1633 964 1682 contro
979 1619 1240 1702 frequentationem
1255 1619 1388 1684 taberna·

359 1745 423 1786 rum
439 1743 490 1806 per
502 1722 720 1784 ecclesiasticos.
735 1757 776 1768 -
791 1721 893 1784 Edicto
913 1721 1043 1782 adhaesit
1060 1720 1233 1783 cathedralis
1252 1721 1388 1784 ecclesiae

358 1826 527 1908 capitulum,
540 1844 590 1907 per
601 1824 698 1885 literas
711 1823 746 1884 de
756 1822 804 1885 die
814 1828 825 1882 1
836 1822 916 1905 julii,
929 1821 1023 1905 quoad
1035 1821 1155 1884 clericos
1166 1821 1222 1884 sibi
1233 1821 1390 1905 subjectos.¹

398 1930 588 1990 ldeoembra's.
598 1927 756 1989 Renovatio
768 1926 895 1988 mandati
907 1925 1027 1988 luberti
1035 1925 1154 1990 Vanden
1167 1925 1243 1988 uela
1252 1945 1300 1989 an.
1310 1929 1387 1990 1678

358 2050 411 2113 pro
425 2028 627 2091 observatione
640 2027 779 2094 festorum
794 2028 888 2110 quoad
903 2027 1035 2110 pistores.

400 2131 508 2192 Eodem
531 2151 608 2190 anno
632 2129 784 2211 episcopus
805 2148 926 2190 numero
947 2127 1135 2190 consiliorum
1159 2127 1258 2191 Status
1281 2127 1388 2192 adscri-

359 2229 447 2300 bitur,
461 2243 490 2291 et
506 2229 647 2291 Bruxellis
662 2229 709 2290 die
724 2235 742 2292 5
756 2229 857 2312 aprilis
871 2229 1018 2290 fidelitatis
1029 2227 1228 2309 juramentum
1243 2229 1387 2310 praestitit

358 2331 387 2392 in
403 2349 506 2391 manns
524 2329 727 2410 gubernatoris
741 2330 836 2391 Caroli
855 2329 1023 2402 Alexandri,
1042 2327 1246 2408 Lotbaringiae
1258 2347 1293 2390 ao
1306 2329 1386 2392 Barri

358 2432 451 2496 ducis.

401 2537 478 2595 troo
488 2536 533 2594 dle
543 2537 582 2596 18
591 2538 672 2594 maii.
684 2532 811 2615 Epistola
824 2531 975 2614 pastoralis
985 2531 1021 2593 de
1031 2529 1283 2594 administratione
1293 2549 1386 2592 saera·

357 2647 524 2697 mentorum
543 2649 572 2698 et
591 2635 757 2697 visitatione
777 2633 962 2696 ecclesiarum
989 2632 1146 2703 ruralium3
1170 2652 1220 2694 seu
1241 2631 1386 2714 quomodo

357 2738 438 2820 pueri
459 2737 494 2798 ad
516 2737 745 2798 confirmationis
764 2748 975 2797 sacramentum
998 2745 1067 2796 suut
1080 2730 1270 2814 disponendi,
1284 2743 1314 2794 et
1326 2733 1387 2816 epi·

357 2857 461 2920 scopus
475 2838 505 2898 in
522 2838 687 2900 visitatione
702 2835 891 2919 recipiendus.
913 2838 1003 2917 Pagg.
1025 2839 1062 2898 ta
1077 2837 1165 2896 tri-4⁰.

399 2941 478 3001 1758
496 2942 542 3000 dle
557 2944 576 3002 5
584 2941 670 3018 julii,
685 2938 762 3000 lenta
781 2936 847 3000 tabe
857 2926 972 2998 'sensim
991 2935 1159 3007 exhaustus,
1175 2945 1296 2996 naturae
1307 2933 1386 2996 debi-

357 3053 420 3104 tum
437 3041 537 3110 solvit,
556 3059 646 3122 quum
665 3039 782 3101 vixisset
802 3058 895 3099 annos
915 3041 970 3110 65,
993 3057 1105 3100 menses
1127 3040 1146 3098 5
1166 3046 1195 3099 at
1215 3035 1277 3096 dies
1293 3039 1344 3107 15,
1358 3046 1387 3098 et

358 3133 511 3204 dioecesim
533 3141 651 3203 rexisset
671 3160 763 3201 annos
784 3138 843 3200 fere
867 3158 979 3200 uorem.
1002 3136 1158 3220 Appositus
1181 3135 1235 3197 luit
1264 3135 1294 3198 iu
1320 3135 1387 3196 aede

357 3241 514 3305 cathedrali
536 3240 572 3302 ad
595 3241 824 3323 praedecessores
844 3260 926 3311 suos.
948 3238 1026 3302 nulla
1046 3236 1201 3300 comitatus
1219 3256 1323 3320 pompa
1338 3247 1386 3297 aul

357 3344 488 3406 oratione
506 3341 635 3411 lunebri,
651 3353 684 3401 ut
697 3341 831 3402 extremis
845 3337 952 3401 tabulis
966 3321 1198 3421 praescripserai.

398 3449 483 3506 Anno
503 3445 583 3506 trad
598 3442 734 3504 Coloniae
748 3441 876 3503 ediderat
893 3437 1063 3502 Dominicus
1080 3438 1116 3500 de
1130 3437 1231 3500 Gentis
1244 3438 1383 3520 scripturn

358 3549 394 3608 de
411 3545 502 3628 gratia
525 3544 559 3605 ad
579 3556 703 3605 mentem
725 3543 782 3604 divi
800 3542 941 3613 Thomas,
956 3540 1063 3623 dequo
1077 3540 1143 3602 ride
1158 3543 1283 3621 Paquot,
1299 3541 1384 3602 mear.

359 3659 379 3708 t.
401 3649 438 3707 lll
460 3665 506 3727 pp.
529 3646 691 3715 aot-<ram
718 3641 767 3704 ubi
793 3641 868 3704 male
891 3641 999 3723 legitur
1025 3641 1191 3722 episcopum
1218 3649 1319 3702 natum
1342 3641 1386 3700 dte

358 3753 377 3809 7
398 3749 518 3813 martii:
539 3755 652 3806 constat
673 3745 751 3806 enim
775 3765 808 3805 ex
831 3741 947 3806 scedula
972 3741 1130 3804 mortuaria
1151 3739 1306 3821 legendum
1326 3759 1385 3802 osse

359 3849 616 3910 remorsurum.
1205 3830 1208 3838 '
