2978 4916
546 495 697 599 (aar)

104 634 267 721 subjectum
280 658 288 710 ;
299 637 375 721 quod
388 649 465 700 anda
486 640 564 702 4599
578 652 595 700 a
609 635 758 700 Boallaclo
773 639 810 700 lx
821 635 973 721 probatum
986 657 1019 700 ac
1033 637 1138 700 coufir-

103 751 216 802 natum
228 739 296 812 luit,
310 740 494 823 incorporato
504 739 598 802 eidem
611 739 738 823 capitulo
753 751 908 824 personata
920 741 954 802 de
966 743 1045 824 Oyen
1062 741 1140 803 dioe-

102 842 177 905 cesis
187 841 368 916 aerumma,
379 857 446 904 cam
457 839 602 924 adjunctis
613 841 733 904 decimis
743 860 795 924 pro
803 841 966 915 medietate,
977 853 1006 904 et
1017 841 1140 923 integris

102 945 170 1028 pagi
185 945 222 1008 de
234 944 380 1007 Ticlfelen.
399 942 563 1006 Probarunt
577 944 696 1026 insuper
710 943 908 1008 fundationem
923 945 1025 1008 Petrus
1039 944 1075 1006 de
1091 945 1140 1006 dl-

102 1047 194 1120 llaco‚
215 1046 368 1130 episcopus
387 1045 617 1120 Cameracensis,
637 1047 762 1108 loannes
782 1046 817 1108 de
834 1047 970 1120 Hanania,
990 1046 1142 1130 episcopus

101 1147 288 1221 leodiensis,
306 1149 350 1210 uti
364 1160 392 1211 et
406 1147 566 1232 capitulam
581 1151 786 1211 cameracense
799 1169 832 1212 ac
846 1149 1041 1213 archidiaconi
1056 1149 1140 1212 cama

101 1249 201 1332 piniae
215 1249 245 1311 in
260 1247 380 1312 ecelesia
392 1248 542 1312 Leodiensi
555 1260 584 1311 et
598 1247 815 1332 Antaerpiensis
829 1249 859 1311 in
875 1250 993 1312 ecclesia
1005 1249 1140 1312 Camera-

101 1350 200 1422 censi‚
216 1361 249 1412 ut
262 1362 376 1413 constat
390 1370 424 1413 ex
437 1349 619 1413 documentis
632 1349 731 1414 relatis
745 1350 821 1433 apud
836 1350 984 1425 bliraeum,
1000 1364 1070 1414 torn.
1087 1355 1140 1426 lll,

101 1473 128 1536 p.
146 1455 206 1514 457
221 1463 250 1514 et
263 1470 341 1535 seqq.

142 1554 294 1617 Geldrensi
319 1552 432 1616 ducissa
456 1574 533 1616 anno
559 1556 638 1618 taes
662 1552 725 1616 sine
748 1551 848 1615 liberis
876 1552 1028 1628 defuncta,
1057 1572 1140 1616 soror

101 1655 195 1738 ipsius
211 1660 323 1719 loanna
344 1654 517 1718 Brabantiae
537 1656 663 1729 ducissa,
684 1667 756 1717 usur
779 1655 941 1717 Wanueslai
966 1654 1141 1718 Lauembur-

101 1757 216 1839 gensis,
236 1757 427 1820 haereditario
444 1757 513 1842 jure
529 1759 691 1821 dominium
711 1757 951 1819 Turnbautanum
970 1757 1093 1840 accepit,
1113 1769 1142 1819 et

101 1860 133 1920 in
150 1859 243 1921 divini
258 1860 354 1922 cultus
368 1873 558 1940 augmentum
573 1881 608 1923 ac
622 1861 652 1922 in
667 1858 788 1943 capituli
803 1859 1020 1941 ampliationem
1037 1859 1140 1921 lunda-

100 1961 144 2020 ait
156 1979 261 2021 novam
273 1959 467 2042 praebendam
481 1961 688 2024 sacerdotalem
700 1960 753 2023 sub
766 1961 949 2024 invocatione
962 1962 990 2022 S.
1008 1960 1141 2042 Georgii,

100 2059 187 2142 cujas
205 2060 358 2122 collatores
380 2061 507 2124 instituit
525 2062 666 2124 decanum
686 2081 720 2123 ac
737 2062 906 2143 capitulana.
926 2061 1005 2136 Quin
1020 2073 1049 2124 et
1064 2062 1141 2124 deci-

102 2172 218 2223 marum
239 2182 357 2223 suarum
373 2162 538 2236 residuum,
556 2163 632 2246 quod
653 2162 815 2224 Turnbauti
831 2183 890 2223 non
906 2160 1051 2224 modicum
1067 2161 1143 2224 obti-

101 2262 204 2335 nebat,
222 2262 315 2325 eidem
329 2264 456 2346 capitulo
472 2263 590 2327 donavit
602 2286 648 2326 an.
666 2268 761 2338 4400,
777 2275 922 2326 reservato
936 2263 1035 2326 sibiae
1048 2264 1141 2326 sorori

101 2383 171 2426 suae
192 2363 300 2424 Mariae
317 2376 346 2425 et
364 2363 537 2426 Brabantiae
557 2364 682 2434 ducibus
699 2363 769 2426 bino
790 2365 987 2427 anniversario
1005 2365 1035 2426 in
1056 2363 1143 2428 colle-

101 2465 181 2547 giata
195 2463 247 2525 illa
258 2463 381 2526 ecclesia
396 2464 577 2528 celebrando.

142 2564 295 2644 Tredeaim
310 2564 406 2648 itaque
419 2565 591 2648 praebendis
605 2567 756 2630 constabat
769 2567 824 2630 hoc
837 2568 1004 2650 collegium,
1019 2587 1140 2650 quararn

101 2665 177 2728 duae
200 2664 433 2738 subdiaconales,
454 2665 527 2728 duae
549 2667 713 2731 diaconales
738 2680 767 2730 et
790 2681 914 2750 quatuor
934 2668 1143 2751 presbyterales

100 2766 274 2850 spectabant
298 2768 333 2829 ad
357 2768 543 2832 collationem
568 2770 695 2853 episcopi
720 2770 948 2852 drrtverpicnsis.
973 2773 1050 2832 Duae
1070 2770 1143 2832 aliae

101 2867 267 2951 antiquitus
285 2881 448 2950 spectantes
467 2869 503 2930 ad
523 2869 707 2932 collationem
733 2870 886 2954 toparchae
907 2871 942 2931 de
961 2873 1055 2953 (lyon,
1075 2871 1142 2934 inde

102 2968 262 3031 translatae
280 2969 399 3032 fuerunt
413 2970 449 3032 ad
465 2971 649 3032 collationem
666 2971 793 3034 familiae
809 2971 926 3034 baronis
939 2972 975 3034 de
988 2971 1141 3034 liettelaer.

100 3069 185 3132 Aliae
199 3069 274 3131 duae
287 3085 370 3132 erant
380 3071 416 3132 ad
430 3073 692 3154 praesentationem
705 3072 809 3134 damus
822 3074 975 3135 Nassoriae
990 3093 1023 3135 ac
1037 3073 1142 3136 deinde

101 3173 182 3255 regis
203 3174 370 3246 Bnrrrsaiac3
390 3174 501 3236 decima
524 3175 609 3236 tertia
630 3176 731 3239 relicta
752 3190 814 3239 erat
835 3176 982 3240 collationi
1005 3177 1141 3259 Capituli.

102 3274 339 3338 Praebeadarum
363 3279 494 3339 omnium
521 3277 721 3340 fundationem
745 3279 838 3342 literis
858 3279 893 3341 de
913 3279 960 3340 die
983 3283 1000 3340 7
1026 3279 1141 3360 augusti

103 3379 187 3439 teto
211 3377 392 3440 confirmavit
415 3379 573 3462 imperator
594 3380 713 3444 Carolus
733 3385 758 3445 V
782 3388 804 3453 ¹,
825 3382 874 3464 qui
895 3382 970 3443 cirea
992 3397 1037 3442 an.
1061 3383 1140 3444 4545

103 3477 349 3541 Turnbautanum
365 3480 527 3544 dominium
542 3483 686 3544 concessit
699 3483 792 3545 sorori
806 3499 875 3545 suae
889 3483 995 3544 blaciae
1008 3481 1140 3545 Austria-

102 3600 170 3652 cae,
186 3580 279 3662 Relgii
290 3581 497 3662 gubernatrici.
513 3583 610 3645 Altera
623 3582 702 3646 illins
712 3572 834 3646 dominii
848 3584 998 3646 translatio
1010 3584 1085 3646 facta
1097 3595 1141 3646 est

102 3705 118 3745 a
140 3681 277 3765 Philippo
290 3683 327 3744 lll
347 3683 551 3768 Hispaniarum
575 3705 659 3768 rege,
678 3703 781 3768 nempe
798 3705 845 3748 aa.
867 3689 945 3749 4648
961 3687 992 3749 in
1013 3686 1140 3749 favorem

137 3921 147 3952 ¹
168 3919 221 3974 vid.
233 3925 286 3976 llaa
298 3923 732 3993 careum,aeseurpntn9easaau
742 3939 775 3976 eu
787 3923 912 3992 Vrpltsud
923 3939 977 3977 uon
989 3917 1140 3994 manicat,

101 4023 126 4079 p.
140 4009 185 4062 55.
