3034 4908
579 447 731 544 (aar)

180 588 212 646 ln
228 582 384 666 parochiali
400 581 486 665 hujus
498 583 553 646 loci
569 583 676 666 templo
691 584 795 647 visitur
810 598 1033 648 monumentum
1049 589 1167 650 Antonii

140 687 241 746 nean
257 686 367 745 domini
385 686 419 745 de
441 683 574 764 Claudael
595 697 620 747 et
637 685 800 749 Aertselaer
818 699 844 748 et
857 689 990 750 dominae
1005 690 1167 750 Eleonoroe

140 785 250 864 Lepas,
264 787 421 864 fidissimae
430 786 491 863 eius
503 790 621 858 auaris,
635 791 710 868 quad
723 789 905 867 sepulchrum
915 793 976 850 uiui
985 793 1053 859 eibi,
1067 792 1166 851 baere-

140 887 224 948 dibns
241 905 276 947 ac
295 889 502 948 successoribus
516 892 592 958 sais,
613 892 716 968 totique
730 901 808 952 retro
818 894 983 968 posteritati
992 895 1065 970 poni
1082 910 1168 952 euro-

141 997 227 1056 ram,
249 985 394 1048 institutis
416 986 528 1049 duabus
552 987 649 1053 missis
669 989 793 1070 singulis
815 990 984 1074 septimanis
1003 1011 1056 1073 pro
1076 991 1169 1052 salute

141 1089 305 1150 animarum
317 1101 525 1173 parentumque
535 1111 654 1153 suornm
664 1092 795 1155 dicendis
805 1093 853 1175 pio
867 1113 935 1174 erga
945 1097 1036 1156 Deum
1051 1091 1169 1175 ejusque

142 1188 255 1251 cultum
266 1188 384 1262 allecto,
395 1191 518 1271 posteris
532 1203 629 1254 autem
643 1193 703 1255 suis
715 1193 827 1276 utquid
838 1193 933 1275 etipsi
944 1194 1037 1255 lacere
1048 1193 1171 1255 debeant

142 1302 355 1377 proponeretur
372 1291 550 1374 exemplum,
566 1293 687 1355 chorum
707 1306 894 1376 repararunt,
913 1306 943 1355 et
961 1295 1049 1357 variis
1064 1293 1171 1356 additis

142 1393 324 1454 ornamentis
336 1406 524 1465 exornarunt,
539 1396 588 1456 SS.
601 1394 746 1477 inprimis
759 1397 945 1457 Sacramenta
958 1396 1044 1457 domo
1058 1394 1171 1457 exaedi-

142 1494 229 1556 ficata
248 1504 277 1555 et
294 1514 381 1576 snper
399 1515 545 1556 summurn
564 1495 654 1557 altare
670 1495 796 1576 imagine
811 1496 964 1569 collocata,
976 1497 1044 1569 'aliis
1058 1517 1171 1580 quoque
1237 1514 1241 1521 “

142 1594 246 1657 multis
259 1594 407 1657 beneficiis
421 1596 474 1658 bac
488 1594 608 1659 ccclesia
621 1596 712 1659 ditata
730 1596 761 1658 in
779 1596 886 1660 Christi
901 1597 1023 1679 gloriam
1038 1611 1067 1658 et
1081 1596 1174 1658 hono-

142 1718 219 1770 rem,
232 1695 348 1760 refectis
358 1695 394 1759 iis
404 1717 477 1774 quae
487 1696 578 1760 fracta
590 1698 842 1781 contaminataque
851 1697 1007 1762 inerantab
1019 1697 1172 1760 haereticis

143 1816 222 1858 anno
236 1799 323 1871 1566,
334 1807 368 1858 ut
377 1796 463 1860 babet
472 1797 624 1880 inscriptio
638 1799 828 1862 monumenti.

185 1898 391 1983 Exdiplomate
399 1900 557 1962 Franconis
568 1902 747 1981 'langrensis
756 1912 842 1984 atque
854 1901 1019 1964 leodiensis
1029 1901 1173 1962 Ecclesiae

143 1999 299 2084 praesulis,
310 2000 360 2082 qui
373 2000 445 2062 vixit
456 2002 570 2064 saeculo
583 2005 633 2072 lX,
645 2012 825 2084 compertum
838 2014 882 2064 est
895 2002 1047 2064 attinuisse
1061 2001 1097 2063 ad
1111 2020 1174 2065 mo·

144 2099 306 2160 nasterium
322 2099 462 2164 bobiense
476 2100 640 2182 universam
654 2100 796 2163 decimam
811 2101 847 2163 dc
859 2101 1033 2176 Aertselaer,
1049 2123 1083 2163 ex
1097 2101 1174 2163 dono

144 2201 174 2262 S.
195 2199 346 2282 Raynildis
363 2200 415 2279 (de
428 2221 484 2284 qua
500 2199 576 2263 inira
593 2202 624 2263 in
640 2201 775 2284 parochia
790 2201 825 2264 de
843 2201 990 2279 Contich).
1011 2205 1101 2263 Porro
1109 2201 1174 2282 jam

145 2299 217 2360 olim
229 2300 435 2382 participantes
444 2300 523 2362 illius
533 2301 662 2364 decimae
672 2302 751 2384 ipere
761 2302 817 2364 loci
828 2313 933 2386 pastor,
946 2302 1176 2386 coenobiumque

146 2400 183 2462 da
194 2401 386 2475 Roosendael‚
401 2422 434 2464 ae
449 2401 565 2465 tandem
580 2402 694 2465 saeculo
708 2403 820 2466 decimo
834 2415 927 2476 sexto,
940 2402 1016 2486 quod
1032 2404 1174 2485 reliquum

145 2514 294 2563 manserat
307 2502 511 2577 bobiensibus,
527 2523 543 2564 a
557 2503 686 2587 praelato
700 2505 840 2568 coenobio
855 2504 1007 2589 acquisivit
1022 2504 1176 2568 cardinalis

145 2602 370 2675 Granrellanus‚
384 2615 434 2665 aut
445 2603 580 2666 Nicotaus
591 2609 730 2667 Perrenot
741 2604 765 2687 ej
771 2626 803 2666 us
814 2617 904 2688 pater,
916 2605 1000 2688 enjus
1012 2606 1118 2687 posteri
1127 2604 1176 2688 jus

146 2726 234 2770 suum
250 2707 495 2790 transcripserant
506 2707 620 2770 saeculo
634 2707 747 2770 decimo
761 2708 884 2790 septimo
894 2709 997 2770 loanni
1011 2707 1046 2768 de
1056 2708 1175 2777 Cordes,

146 2806 233 2890 cnjus
248 2807 381 2870 meminit
395 2807 523 2893 diploma
537 2809 684 2886 Francisci
698 2808 734 2870 de
748 2812 899 2884 Perrenot‚
916 2808 1039 2870 relatum
1051 2806 1127 2893 apud
1138 2811 1177 2870 Le

148 2913 227 2991 Roy,
241 2929 288 2990 op.
300 2907 349 2970 eit.
364 2930 392 2992 p.
408 2913 475 2972 119,

191 3011 282 3070 Porro
297 3008 415 3070 eeclesia
433 3008 520 3092 hujus
538 3008 594 3072 loci
611 3010 751 3092 inscripta
768 3021 811 3072 est
829 3011 857 3071 S.
876 3009 1026 3071 Leonardo
1047 3008 1177 3090 martyri.

147 3115 242 3174 Curae
253 3108 404 3191 pastoralis
416 3129 483 3172 curn
496 3109 653 3194 capellania
663 3112 692 3173 S.
706 3109 848 3171 Barbarae
858 3121 887 3171 et
899 3105 1044 3196 custodiae
1057 3107 1178 3170 collator
1281 3177 1282 3182 η

147 3223 212 3275 erat
222 3211 358 3274 dominus
370 3211 405 3273 de
414 3213 572 3294 Cantecroy
582 3232 615 3274 ex
625 3212 849 3294 transcriptione
860 3210 998 3294 praedicti
1010 3210 1177 3272 monasterii

148 3315 301 3377 bobiensis
315 3314 350 3376 ad
365 3314 473 3377 Sabim.

148 3529 209 3574 ante
216 3521 368 3587 episcopatus
379 3519 556 3585 antuerpiensis
568 3519 728 3587 erectionem,
740 3518 811 3571 fnisse
823 3519 958 3570 dioeceseos
969 3518 1163 3570 Cameracensis
1170 3554 1178 3583 ,

149 3609 317 3673 leodiensis,
329 3613 372 3656 aut
386 3607 586 3669 Ultrajectenet'e.

186 3694 306 3744 Numerus
317 3707 373 3743 vero
391 3690 483 3742 indicat
502 3692 759 3744 communicantium
775 3705 913 3742 numerum
928 3704 1000 3740 anno
1016 3688 1092 3755 1718,
1107 3704 1179 3754 quem

149 3779 352 3847 quotiescumque
371 3777 439 3829 illam
452 3777 624 3829 indicationem
636 3775 730 3842 assequi
750 3776 828 3843 potui,
846 3775 959 3842 descripsi
981 3790 1010 3825 ex
1025 3775 1081 3826 MS.
1101 3775 1180 3826 moro

150 3867 386 3930 Arebidt'acanali,
399 3879 464 3916 anno
477 3865 540 3915 1718
552 3864 673 3928 conlecto,
685 3869 712 3914 ut
724 3860 743 3930 §.
758 3863 780 3930 1,
797 3878 820 3926 p.
838 3863 886 3912 bib
898 3861 989 3913 dictum
1001 3868 1044 3912 est.
1060 3859 1180 3912 Statistica

150 3951 271 4017 ejusmodi
280 3950 394 4002 indicatio
406 3965 474 4002 suam
482 3965 540 4001 sane
549 3949 677 4002 utilitatem
688 3947 768 3999 babet.
868 3941 871 3947 '
