2990 4918
295 1005 503 1068 Arottaiocoot
512 1015 577 1084 post
589 1009 768 1084 episcopatus
781 1008 953 1067 erectionem.
1022 1087 1026 1095 ‚

153 1191 239 1250 iaxta
258 1186 368 1250 bullam
389 1207 441 1269 pro
462 1187 608 1250 creatione
625 1188 807 1270 episcopatus
830 1187 1049 1269 Antverpieasis
1066 1207 1143 1250 anno

1 1298 2 1301 ’
116 1290 190 1350 1561
209 1307 225 1348 a
238 1289 290 1349 Pio
302 1290 338 1349 tv
348 1287 459 1358 datam,
471 1288 606 1370 proprias
618 1287 814 1350 instituendus
826 1298 887 1349 orat
898 1286 927 1348 in
941 1308 974 1348 ea
985 1287 1143 1350 cathedrali

1 1403 2 1459 1
114 1390 365 1454 archidiaconatus
379 1404 444 1473 post
459 1411 569 1454 amcam
584 1391 630 1453 vel
644 1391 793 1454 decessum
810 1390 1006 1453 archidiaconi
1021 1395 1143 1452 datter-

1 1497 2 1554 ]
115 1493 225 1575 piensis
240 1493 271 1556 iu
285 1495 405 1558 ecclesia
419 1494 633 1565 cameracensi,
647 1494 724 1577 quod
739 1494 855 1556 tandem
871 1515 917 1556 an.
937 1499 1013 1558 1575
1025 1494 1145 1577 perfecit

115 1595 227 1676 primns
248 1596 400 1678 episcopus
419 1597 592 1658 Francisaus
613 1597 753 1668 Saucius,
773 1617 831 1658 non
854 1597 917 1658 siae
939 1595 1147 1679 aliqaasepu.

114 1696 237 1778 guantia
249 1696 470 1768 canonicorum,
486 1697 589 1779 priscis
600 1710 687 1779 atque
696 1695 834 1758 obsoletis
845 1697 965 1780 capituli
975 1698 1020 1758 sui
1029 1697 1144 1780 juribus

115 1817 149 1860 aa
163 1797 323 1879 privilegiis
337 1799 551 1862 ultra-modum
561 1799 753 1862 addictorum.
769 1798 839 1860 Vide
853 1819 939 1882 snpra
958 1820 988 1881 p.
1002 1803 1051 1862 511.

156 1903 176 1962 1.
197 1900 372 1964 ,11515151
391 1901 502 1979 Campo
515 1902 587 1979 (Van
602 1900 637 1960 da
655 1901 770 1978 Valde),
783 1899 859 1983 juris
879 1921 942 1962 oan.
962 1900 1143 1972 licentiatus,

1 1975 2 2032 Ῐ
114 2001 217 2063 Sonnii
238 2019 271 2063 ex
292 2000 381 2063 fratre
397 2021 501 2083 nepos,
521 2000 674 2082 dignitatis
691 2001 779 2084 hujus
801 1995 1010 2084 possessionem
1032 2003 1144 2084 acecpit

1 2099 2 2102 '
114 2101 162 2166 dic
184 2105 224 2164 16
240 2101 341 2184 aprilis
363 2107 457 2174 1575,
475 2101 529 2165 sub
550 2101 767 2164 conditionibus
786 2104 862 2185 apud
884 2107 1053 2166 Dierassens
1067 2101 1088 2164 t.
1104 2106 1142 2178 V,

112 2227 144 2296 p
168 2209 229 2269 509
249 2205 405 2290 expressis,
423 2207 508 2289 eique
530 2207 560 2268 in
583 2207 711 2290 capitulo
733 2220 763 2269 et
783 2208 871 2270 choro
886 2208 967 2270 locas
981 2208 1145 2289 assignatus

114 2321 158 2372 est
171 2307 340 2370 immediate
353 2320 418 2391 post
435 2307 591 2382 decanum,
607 2320 674 2371 anto
693 2304 841 2372 cantorem
860 2310 909 2392 qui
925 2309 1063 2372 hactenus
1080 2319 1145 2393 post

115 2409 256 2472 decanum
279 2409 405 2492 primum
426 2409 521 2472 locam
546 2409 695 2472 habuerat.
722 2410 804 2473 Obiit
833 2417 868 2473 tt
888 2410 955 2492 julii
985 2415 1072 2473 1591.
1103 2411 1144 2475 Eo

1 2521 2 2542 ¹
114 2511 244 2584 vivente,
268 2531 319 2592 per
341 2511 509 2593 episcopum
533 2511 691 2572 Laevinum
715 2511 916 2583 Tarsensium,
938 2511 986 2573 die
1005 2514 1045 2574 td
1067 2511 1143 2592 junii

116 2614 208 2683 1588,
233 2623 405 2693 personatus
426 2610 462 2672 de
486 2609 598 2672 Ballaer
620 2610 834 2673 archidionatai
857 2612 952 2674 denuo
976 2612 1144 2695 incorpora·

115 2724 335 2874 tus{dulcoratus
349 2814 464 2884 Detrio,
477 2831 511 2873 ax
524 2810 729 2873 archidiacono
744 2811 913 2874 nominatus
926 2811 1046 2895 capituli
1060 2812 1144 2875 deaa-

1 2975 3 3000 ,
115 2933 170 2976 nus
184 2932 232 2976 an.
249 2915 336 2976 1507.
351 2912 423 2974 Vide
437 2931 523 2995 supra
539 2933 566 2994 p.
583 2914 650 2974 tta.

1 3081 2 3088 ,
155 3018 199 3076 111.
222 3015 362 3096 Reimarus
386 3016 490 3076 Arents
510 3014 679 3085 Bruttedius,
699 3011 769 3074 alias
792 3013 932 3074 11555551
956 3008 1090 3074 Barcaeus
1111 3016 1145 3075 de

1 3155 2 3160 κ
115 3120 265 3190 81511151,
288 3118 317 3179 S.
339 3119 370 3178 Τ.
386 3120 428 3189 L.-,
451 3115 588 3178 ecclesiae
607 3115 682 3177 cath.
704 3115 806 3177 multis
824 3114 910 3176 annis
925 3114 1143 3198 vioepiehnnus,

1 3247 2 3276 2
116 3232 214 3300 postea
234 3218 392 3281 canonicus
407 3229 436 3278 et
453 3217 642 3280 scholasticus
660 3237 694 3279 ac
708 3217 947 3300 archipresbyter,
962 3229 990 3279 et
1004 3237 1050 3278 an.
1067 3219 1144 3278 1607

117 3321 346 3384 archidiaconus.
367 3320 539 3384 Nominatus
560 3321 712 3404 episcopus
733 3319 998 3383 Ruraemundensis
1012 3319 1085 3381 obiit
1107 3319 1144 3380 15

117 3420 254 3484 februarii
270 3421 539 3494 1515555111.
555 3426 605 3484 77.

157 3527 202 3588 111.
225 3523 378 3586 Cornelius
398 3527 433 3586 de
451 3524 593 3595 1511158.
612 3527 643 3585 Τ.
661 3527 702 3596 t,
718 3524 927 3606 possessionem
946 3522 1022 3606 cepit
1042 3527 1076 3584 11
1094 3541 1146 3582 aa·

1 3621 2 3640 ³
116 3625 194 3705 gusti
211 3627 304 3696 1608,
322 3646 356 3687 eo
370 3625 433 3706 ipso
449 3624 495 3686 die
506 3646 562 3706 quo
577 3625 786 3708 possessionem
801 3624 873 3685 adiit
886 3625 1065 3706 praebendae
1079 3644 1145 3704 gra·

1 3780 2 3798 ,
117 3723 220 3786 daatae
234 3725 419 3787 canonicatis.
440 3725 521 3788 Obiit
542 3729 580 3788 10
600 3725 716 3806 augusti
735 3727 828 3796 1651,
854 3736 932 3806 peste
951 3724 1090 3786 sublatus.
1113 3727 1144 3785 ia

118 3827 225 3909 synodo
239 3825 408 3909 provinciali
423 3827 623 3889 MechIinicnsi
639 3847 685 3888 aa.
702 3830 790 3898 1607,
806 3827 850 3888 tit.
867 3830 951 3900 XXV,
965 3845 1027 3910 eap.
1042 3832 1062 3890 5
1080 3828 1146 3905 (Sys

118 3931 297 4010 5151111119.
318 3940 339 3991 t.
363 3932 390 4001 1,
412 3950 438 4012 p.
461 3930 535 4009 tot)
554 3929 724 3991 nominatur
744 3927 821 3990 inter
832 3927 945 4010 judices
964 3927 1146 4012 synodalesa
