3034 4908
783 489 796 582 (
823 486 895 560 aab
921 490 934 584 )

346 644 416 688 usus
432 631 635 688 canonicorum
651 629 682 685 iu
695 623 906 703 Autroerpiensi
915 627 1028 686 eeclesia
1038 624 1260 704 famulantium,
1273 625 1384 684 tiberne

347 740 372 790 et
396 731 498 808 absque
508 747 647 807 persona.
669 731 759 789 solcis
778 732 840 789 cuis
857 739 882 788 et
899 730 1099 788 ministrorum
1117 743 1238 787 suorum
1259 728 1383 787 redditi-

348 833 399 892 bua
415 835 437 890 ¹.
450 831 491 891 Eo
502 829 588 890 titulo
601 827 761 910 capitulum
776 829 986 910 antuerpiense
1000 827 1122 889 collator
1134 839 1197 888 erat
1210 847 1300 888 curae
1314 847 1382 909 pas·

348 931 449 994 toralia
462 929 598 992 ecciesiae
611 928 853 992 S.'Wiilebrordi.
868 930 938 1011 Pagi
957 929 1044 991 etiam
1064 928 1190 990 decimas
1206 927 1331 990 habebat
1344 949 1382 989 cx

349 1031 506 1092 donatione
518 1029 637 1092 loannis
648 1029 776 1102 Voikart,
785 1030 873 1091 occisi
885 1030 914 1090 in
927 1049 1024 1112 pugna
1035 1028 1216 1090 Contracensi
1227 1048 1275 1090 an.
1290 1031 1380 1090 ¹502.

350 1135 484 1193 Attamen
500 1130 588 1212 aliqui
602 1130 722 1192 tradunt
739 1130 898 1212 capitulum
914 1149 962 1192 cas
978 1129 1124 1212 accepisse
1137 1127 1173 1190 ab
1188 1129 1298 1212 dieyde
1310 1133 1382 1190 Bra·

349 1231 463 1293 bantiae
476 1231 600 1294 ducissa.

388 1335 420 1394 ln
431 1332 589 1415 diplomate
602 1332 711 1395 Urbani
729 1336 779 1404 ΙΙΙ,
790 1353 848 1416 quo
862 1351 910 1394 an.
926 1333 1005 1394 ttae
1015 1330 1168 1393 confirmat
1182 1329 1381 1414 possessiones

350 1432 482 1494 abbatiae
493 1433 700 1514 Tungerioensi
715 1433 751 1495 ab
762 1433 890 1516 ejusdem
902 1432 1056 1494 fundatore
1069 1431 1243 1504 Giseiberto‚
1259 1432 1381 1515 ejusque

351 1534 509 1597 cohaerede
525 1535 701 1616 Engclberto
716 1535 751 1597 de
770 1535 917 1598 Casterloo
931 1546 960 1596 et
973 1533 1038 1596 aliis
1050 1533 1183 1604 donatas,
1198 1546 1381 1594 memoratur

351 1635 419 1697 huic
436 1635 577 1699 coenobio
591 1655 758 1699 concessum
773 1657 854 1697 omne
870 1638 1009 1697 allodium
1022 1635 1151 1698 druoldi
1162 1637 1195 1694 iu
1209 1636 1292 1702 Nile,
1306 1634 1379 1696 item

349 1748 437 1798 totum
457 1739 596 1796 allodium
616 1737 743 1799 Aruotdi
765 1740 799 1797 de
817 1739 911 1798 Raust
927 1739 959 1797 in
978 1737 1058 1808 lua,
1080 1747 1105 1797 et
1127 1738 1245 1796 tertiam
1261 1747 1378 1813 portem

349 1840 472 1899 decimae
485 1842 570 1899 totius
585 1840 679 1899 ciliae.

392 1941 421 1999 in
446 1949 581 2019 excerpto
601 1957 635 1998 ex
654 1938 743 1998 veteri
767 1935 842 2000 libro
865 1933 972 1999 feudali
990 1936 1077 2019 (apud
1096 1939 1135 1998 be
1157 1938 1236 2019 noy,
1258 1955 1305 2018 op.
1326 1936 1378 1997 cit.

350 2060 377 2121 p.
392 2042 472 2117 aad),
487 2059 579 2121 pagus
588 2039 758 2101 nominatur
769 2041 872 2118 Nyide.

391 2138 474 2199 iiaud
493 2139 653 2221 spernenda
672 2139 788 2202 videtur
804 2138 970 2222 conjectura
985 2138 1060 2199 riam
1076 2135 1203 2219 aliquam
1220 2135 1378 2197 militarem

349 2258 382 2299 ex
397 2259 466 2320 agro
479 2239 642 2320 Tungrensi
657 2261 708 2323 per
722 2240 858 2302 uiciniam
872 2239 958 2322 hujus
975 2239 1040 2322 pagi
1055 2238 1091 2300 ad
1105 2237 1335 2301 Grobbendonck
1345 2250 1379 2298 et

350 2340 559 2418 iioogstraeten
571 2360 669 2401 versus
681 2341 856 2402 Dordracum
872 2340 987 2401 ductam
999 2339 1087 2401 fuisse
1100 2359 1115 2417 p
1131 2338 1302 2414 Romanis‘.
1315 2340 1379 2398 Nu-

349 2439 481 2500 mismata
494 2439 572 2500 enim
583 2455 741 2503 romanaet
753 2462 841 2503 urnae
855 2440 1017 2502 funerariae
1027 2453 1108 2502 eruta
1120 2439 1148 2501 in
1162 2439 1269 2510 Poste1‚
1284 2442 1379 2500 dren-

348 2541 459 2616 donet,
482 2541 727 2616 Grobbcudoncir‚
753 2543 983 2624 Wommcigbcm
1003 2556 1032 2604 et
1052 2540 1142 2626 Nylen
1164 2542 1284 2622 aliisque
1303 2542 1378 2603 locis

348 2641 452 2704 ricinis
472 2642 593 2704 edocent
616 2641 691 2705 hanc
718 2658 834 2705 nostrae
857 2643 1024 2726 Campiniae
1048 2655 1159 2726 partem
1179 2642 1334 2726 aliquando
1360 2663 1376 2703 a

348 2744 487 2806 Romanis
501 2743 589 2806 fuisse
601 2743 820 2827 frequentatam.
832 2745 915 2820 erod
931 2744 1021 2828 Nylen
1037 2745 1152 2815 attinet,
1168 2743 1290 2806 referam
1302 2765 1378 2826 quae

347 2842 450 2906 scribit
468 2847 570 2906 Petrus
585 2846 692 2927 Heyien
709 2845 738 2906 in
755 2867 805 2908 sua
819 2849 1022 2908 dissertatione
1035 2848 1069 2907 de
1086 2850 1213 2924 antiquis
1228 2847 1376 2906 Romano-

347 2965 415 3007 rum
425 2951 613 3008 monumentie
621 2950 653 3007 iu
663 2948 763 3028 Betpio
776 2948 951 3009 Austriaeo³
963 2968 970 3007 :
980 2971 994 3002 u
1003 2947 1144 3030 Operarii,
1153 2946 1257 3029 inquit,
1268 2947 1375 3028 stipem

347 3070 363 3104 s
386 3047 562 3129 extirpautes
577 3066 653 3108 anuo
667 3047 948 3119 1770,oiiendebant
958 3067 1008 3109 uas
1021 3061 1148 3109 terreum
1160 3067 1218 3109 uon
1230 3048 1376 3130 profunde

348 3172 362 3204 ι
387 3147 584 3219 reconditum,
599 3146 747 3230 oppletum
758 3149 887 3210 nummis
900 3149 995 3212 auceia
1009 3168 1114 3229 magna
1128 3169 1161 3210 ex
1175 3161 1258 3231 parte
1268 3149 1377 3211 ualens

349 3275 363 3307 a
387 3250 468 3332 dupli
487 3251 583 3313 ducati
605 3250 757 3323 nostratis,
780 3263 861 3313 tanta
880 3252 975 3334 copia,
996 3265 1030 3313 ut
1048 3271 1151 3312 aurum
1171 3251 1378 3313 aestimaretur

348 3375 362 3408 u
387 3352 481 3412 valere
499 3352 564 3434 plus
583 3354 661 3413 1700
680 3350 796 3413 florenis
816 3351 1010 3422 brabantiam
1031 3350 1159 3414 calculus
1177 3350 1213 3412 ad
1233 3352 1374 3413 amussim

348 3475 362 3510 s
387 3451 455 3513 iniri
470 3452 611 3534 nequivit,
626 3452 783 3514 divenditis
803 3473 854 3536 per
873 3453 1038 3515 inventores
1051 3451 1264 3534 compluribus,
1280 3453 1373 3535 prius·

347 3576 362 3609 s
385 3571 472 3635 quam
487 3551 569 3614 tundi
585 3573 731 3636 possessor
741 3555 875 3626 resciret,
890 3553 937 3615 cui
951 3575 984 3616 ex
999 3565 1082 3636 pacto
1097 3552 1193 3636 portio
1206 3556 1302 3616 cessit.
1317 3555 1376 3636 Op·

379 3800 388 3830 ¹
406 3799 516 3865 Dipioma
528 3801 602 3852 refert
613 3803 786 3868 ereremum,
799 3818 837 3867 op.
850 3801 889 3852 cit.
903 3810 960 3852 tom.
973 3803 995 3868 Ι,
1007 3819 1031 3868 p.
1046 3803 1101 3852 tta.

377 3882 387 3911 ²
404 3884 451 3935 Cir.
465 3887 498 3934 De
510 3889 576 3952 Bast,
588 3886 686 3938 Second
697 3889 859 3952 supplement
869 3903 905 3938 aa
917 3891 1012 3940 recueil
1021 3887 1192 3954 d'cutr‘qur'te's
1198 3927 1207 3955 ,
1222 3903 1245 3952 p.
1260 3888 1317 3941 ΙΙΙΙ.

377 3972 389 4000 ⁸
407 3970 542 4022 Me'moe'res
554 3975 584 4023 de
593 3972 753 4024 t'Acude'mr'e
761 3977 791 4025 de
801 3977 951 4040 Brucedrs,
964 3983 1020 4024 tom.
1032 3976 1070 4039 IV,
1083 3989 1105 4037 p.
1117 3974 1173 4025 416.
