2978 4916
550 478 697 575 (reo)

147 615 243 676 XXVl.
272 617 428 693 Dionysius
458 616 520 676 Vou
544 618 595 676 ‹lcr
624 616 722 686 Voorl,
747 614 843 688 lictus
870 611 1134 701 herrnormhiit

110 719 145 775 10
160 716 228 775 maii
248 718 339 788 1615,
354 716 456 777 aetolis
469 731 516 777 an.
532 720 580 778 70.

146 819 255 878 XXVll.
280 818 405 880 Carolus
427 817 594 889 Geoorlios,
615 819 834 902 hnluerpiensis
854 837 902 880 seu
923 816 1019 899 polius
1040 818 1133 878 Turn·

107 916 262 989 hortonae,
280 922 304 981 J.
322 920 356 980 U.
379 921 419 990 L.‚
443 917 570 1001 primum
587 919 713 982 domnus
730 919 891 982 Turnhauti
909 918 1014 980 deinde
1029 921 1131 999 Lyrae,

107 1019 156 1081 ubi
170 1021 244 1083 obiit
259 1026 299 1084 05
314 1024 411 1084 martii
434 1026 524 1095 1651,
539 1035 567 1084 et
581 1023 611 1084 in
626 1023 745 1086 ecclesia
763 1024 817 1086 suh
835 1042 944 1104 organo
961 1041 1133 1084 monumen·

107 1133 168 1182 lum
184 1122 279 1186 habet.
293 1124 437 1186 lohannes
452 1124 632 1208 lloyhergius
647 1127 675 1186 iu
687 1127 748 1188 suis
763 1125 961 1188 notationibus
974 1123 1008 1185 ad
1021 1121 1133 1184 Latomi

105 1224 337 1286 Uorsemloncam
349 1247 377 1308 p.
391 1231 440 1299 51,
455 1227 588 1290 Carolum
600 1227 765 1291 Govartium
781 1239 953 1290 annumerat
962 1226 1032 1287 viris
1042 1224 1136 1286 doctis

106 1327 275 1389 Turrnhaulo
295 1328 440 1401 oriundis,
466 1329 562 1413 aitque
584 1329 666 1392 illum
693 1351 727 1392 eu
746 1330 871 1392 archivis
887 1329 1022 1392 ecclesiae
1040 1331 1134 1394 Turne

106 1425 249 1488 haulanae
263 1428 381 1510 capituli
397 1429 541 1511 originem
562 1449 595 1492 ao
613 1415 788 1492 decanorum
807 1429 934 1511 ejusdem
953 1428 1134 1509 catalogum,
1185 1465 1186 1470 κ

107 1548 260 1612 remmque
277 1529 331 1591 sub
353 1530 412 1592 illis
428 1543 575 1612 gestarum
595 1533 699 1594 seriem
719 1531 913 1603 contexuisse,
933 1550 967 1594 ac
987 1529 1133 1592 Edmundi

106 1631 225 1713 Dyuteri
249 1630 408 1694 chronicon
436 1632 514 1708 (siue
537 1632 626 1696 dubio
650 1653 682 1696 cx
708 1635 765 1696 MS.
789 1633 877 1696 uicini
900 1629 1133 1694 corsendoncani

107 1732 238 1792 coeuohii
253 1732 446 1814 descriptum)
463 1733 559 1814 praelo
573 1734 735 1796 adornasse.
748 1738 848 1796 Frater
861 1746 922 1796 erat
936 1731 1065 1815 Gasperii
1078 1733 1133 1793 Go-

106 1832 189 1893 varlii
205 1833 253 1914 qui
269 1833 345 1916 apud
361 1833 584 1915 huluerpienses
599 1855 703 1896 nomen
720 1834 883 1918 famamque
896 1834 1016 1916 adeptus
1029 1846 1084 1906 est,
1098 1832 1134 1894 de
1174 1827 1176 1836 ’

106 1953 161 2015 quo
175 1932 242 1994 ville
257 1935 330 1995 Biol.
350 1938 436 2013 Belp,
452 1945 522 1996 tom.
538 1938 566 2008 Ι,
582 1954 609 2017 p.
631 1939 698 1998 166.

10 2029 12 2034 ’
144 2037 265 2096 XXVlll.
292 2038 531 2114 Bartholomaeus
554 2039 588 2098 dc
612 2039 749 2107 Soliuoa,
774 2058 820 2098 an.
847 2040 926 2100 1615
952 2038 1077 2099 decanus
1101 2037 1132 2099 iu

105 2136 280 2197 hnderlechl
294 2148 323 2198 et
337 2157 383 2197 an.
399 2140 476 2198 1651
492 2141 597 2220 Lyrae,
613 2121 662 2199 uhi
677 2139 749 2199 obiit
764 2157 810 2198 an.
827 2141 915 2199 1671.

144 2241 242 2300 ΧΧΙΧ.
260 2239 430 2300 Alexander
452 2227 587 2310 lloclous,
603 2242 747 2322 Lyranus,
764 2242 977 2322 protonotarius
996 2239 1134 2322 apostoli-

106 2361 169 2410 cus,
190 2339 327 2421 toparcha
346 2340 381 2402 de
400 2339 473 2413 hlol,
492 2341 595 2402 Baelen
616 2352 644 2401 et
665 2340 797 2404 Uesschel
818 2349 907 2424 (quae
920 2341 1047 2403 dominia
1067 2341 1133 2424 juro

107 2441 294 2522 pignoratitio
309 2441 455 2522 quondam
472 2461 599 2524 possessa
614 2463 629 2504 a
644 2443 750 2504 lacoho
766 2447 891 2514 Bouron,
906 2442 1048 2506 Ordiuum
1066 2447 1133 2504 Bra-

105 2539 221 2603 hantiae
241 2541 421 2623 graphiario,
442 2542 497 2624 ipsi
520 2543 692 2626 transcripta
712 2543 804 2613 lucre,
829 2555 860 2605 ut
873 2544 914 2605 ait
933 2548 970 2606 Le
991 2547 1065 2626 Roy,
1084 2565 1130 2626 op.

105 2642 162 2713 cil,
183 2663 210 2724 p.
226 2645 315 2720 275),
337 2642 410 2705 obiil
433 2663 479 2704 an.
506 2646 594 2706 1696.
617 2643 662 2706 nb
686 2663 720 2704 eo
747 2657 873 2709 erectum
897 2655 942 2705 est
961 2644 991 2705 iu
1012 2644 1131 2706 ecclesia

106 2746 217 2823 Lyrana
237 2744 434 2806 sanctuarium
457 2764 665 2817 marmoreum,
687 2745 765 2827 quod
786 2746 815 2806 in
837 2745 949 2808 ambitu
971 2745 1050 2807 chori
1067 2757 1132 2828 post

104 2867 251 2908 summum
265 2845 355 2908 altore
368 2847 481 2908 visitur.

144 2950 230 3010 XXX.
253 2951 395 3010 Heuricus
407 2951 580 3011 Frouclacos
593 2951 626 3010 de
639 2949 783 3018 Gheolere,
794 2953 819 3013 J.
831 2951 865 3012 U.
881 2952 923 3022 L.‚
938 2969 1027 3033 nepos
1038 2949 1132 3012 cardi·

105 3032 178 3112 nolis
192 3050 312 3112 loannis
328 3071 344 3110 a
358 3051 494 3123 Goessen,
510 3051 636 3132 episcopi
650 3051 819 3122 Gurccnsis,
834 3050 908 3112 obiit
925 3054 943 3112 0
961 3072 1026 3113 nou.
1044 3056 1130 3113 1707.

142 3153 241 3212 1111111.
262 3153 412 3230 Euqculoa
430 3154 598 3214 Louolerlus
615 3155 649 3214 dc
668 3154 802 3232 llifflorl,
815 3173 848 3214 ou
866 3152 1082 3216 marchionibus
1096 3153 1132 3214 de

104 3255 186 3322 lure,
201 3254 225 3313 l.
243 3255 276 3314 U.
292 3256 333 3323 L.‚
345 3251 381 3312 ab
396 3273 441 3314 an.
458 3256 536 3316 1708
551 3253 689 3324 decanus,
700 3252 772 3314 obiit
789 3259 825 3316 10
840 3255 896 3314 mai
912 3257 1001 3315 l'llO.

11 3335 13 3346 ¹
143 3357 253 3416 XXXll.
277 3355 403 3416 Joouucs
424 3357 528 3418 Petrus
549 3357 671 3428 Corucl,
698 3357 903 3427 Bruxeliensis,
928 3360 952 3419 J.
976 3359 1011 3421 U.
1034 3361 1080 3428 L.‚
1095 3377 1129 3418 ex

105 3457 244 3518 canonico
258 3457 293 3519 ol
306 3457 476 3519 decanatum
493 3472 698 3539 promotusan.
716 3462 805 3530 1740,
824 3459 897 3521 obiit
908 3463 946 3521 05
962 3479 1026 3521 nou.
1043 3463 1129 3522 1750.

143 3561 266 3621 XXXlll.
287 3561 369 3622 Folio
387 3561 558 3624 Guilelmus
569 3562 711 3624 Antonios
725 3564 759 3622 de
773 3563 913 3634 Breuem,
931 3561 1130 3633 lovaniensis,

104 3661 127 3722 l.
151 3662 185 3722 U.
212 3663 254 3730 L.‚
274 3681 308 3721 ex
332 3661 479 3723 canonicis
505 3658 614 3743 primae
638 3661 817 3724 lunllalionis
841 3667 869 3724 S.
895 3663 972 3725 Petri
998 3663 1129 3734 hovauii,

106 3782 179 3824 asino
195 3767 268 3824 1751
289 3763 456 3824 nominatus
469 3761 595 3825 decanus
613 3767 716 3847 Lyrae,
732 3763 836 3826 deinde
851 3765 881 3825 in
896 3778 996 3827 senatu
1012 3765 1129 3828 hlechli·

106 3863 197 3923 niensi
210 3862 393 3924 consiliarius
403 3864 613 3926 ecclesiasticus
627 3880 655 3925 el
669 3864 832 3926 libellorum
848 3866 1010 3947 supplicum
1025 3867 1130 3948 mugis-

107 3977 160 4037 ler,
176 3985 209 4026 ac
224 3964 339 4026 demum
357 3985 402 4026 an.
424 3971 500 4028 1777
516 3965 550 4027 acl
566 3966 761 4049 episcopatum
779 3971 953 4048 Brugensem
970 3981 1128 4050 promotus.
