2990 4918
553 484 566 579 (
595 483 661 557 llll
689 485 703 580 )

107 622 260 687 beneficia.
272 623 454 688 Universitas
465 623 553 686 etiam
566 623 754 686 Loranionsis
764 620 887 685 habebat
898 636 1025 707 tempore
1036 622 1140 706 viginti

107 745 272 798 annorum,
293 738 322 787 et
344 724 464 789 facultas
483 725 597 788 Artium
621 724 745 808 singulis
766 724 925 798 decenniis,
941 724 990 807 jus
1008 727 1142 788 nomina·

107 826 201 889 tionis
214 826 251 889 ad
266 827 361 910 primo
374 840 525 889 vacaturas
542 826 630 910 hujus
639 827 776 890 ecclesiae
789 824 985 909 praebendas.
1002 847 1075 910 quae
1089 847 1143 889 nec

107 929 262 1010 graduatis
279 930 422 1004 addictae,
438 949 491 993 uec
505 929 663 1012 dignitates
676 941 774 1001 orant,
789 927 875 1011 idque
885 928 913 991 ri
925 927 1141 1012 privilegiorum

107 1031 348 1116 apostolicorum.

151 1133 280 1216 Capituli
295 1133 392 1216 sigillo
407 1133 545 1217 impressa
561 1144 622 1197 erat
637 1137 668 1196 B.
685 1135 721 1194 tt.
740 1134 773 1194 v,
791 1133 896 1213 imago.

587 1471 610 1545 ς.
631 1469 665 1529 ιι.

539 1671 715 1748 Praepositi.

155 1851 285 1916 Ecclesia
303 1855 335 1915 Β.
355 1852 462 1913 Mariae
478 1849 607 1932 Virginis
627 1863 724 1913 ortum
748 1849 829 1911 ducit
850 1848 885 1911 ab
903 1847 1005 1911 humili
1024 1848 1145 1920 sacello,

114 1958 201 2020 Onze
213 1957 297 2018 Liene
313 1955 434 2015 Vroorue
443 1973 480 2031 op
495 1955 512 2014 't
521 1954 662 2015 Stolalen
674 1965 850 2035 nuncupato,
861 1954 891 2013 in
905 1973 963 2035 quo
974 1953 1070 2034 imago
1083 1954 1148 2016 uei-

110 2076 203 2140 parae
217 2055 317 2117 multis
327 2053 480 2118 nobilitata
498 2053 646 2116 miraculis
664 2053 821 2116 colebatur.
838 2057 935 2134 lmago
947 2054 994 2116 illa
1006 2074 1040 2116 cx
1055 2055 1147 2116 Nord-

112 2177 292 2221 mannorum
307 2155 530 2239 depopulatione
546 2157 574 2216 in
587 2155 727 2217 suburbio
741 2155 835 2217 Castri
850 2157 1082 2238 Antverpiensis.
1097 2177 1147 2239 per

111 2283 165 2324 eos
190 2261 342 2330 devastati.
357 2260 435 2322 inter
453 2258 570 2320 arbores
591 2271 702 2341 reperta
725 2279 774 2320 sen
793 2271 897 2321 trunco
919 2259 1025 2332 adfixa,
1040 2281 1146 2322 nomen

112 2363 187 2428 inde
200 2382 237 2442 op
248 2365 265 2424 't
277 2364 425 2433 stolsrlten,
437 2381 486 2422 seu
501 2360 536 2422 ad
552 2360 695 2441 stipitem,
713 2371 870 2441 acceperat.

157 2463 204 2526 Ad
219 2462 274 2524 hoc
287 2461 423 2524 sacellum
440 2460 637 2542 migraverunt
656 2460 802 2531 canonici,
817 2481 906 2542 quum
924 2468 970 2532 (ut
987 2481 1072 2544 supra
1087 2459 1149 2523 die·

115 2578 182 2627 tam
204 2565 264 2641 est)
282 2581 358 2623 anno
374 2564 453 2623 llll
467 2561 616 2622 ecclesiam
636 2580 717 2622 suam
736 2563 767 2623 S.
788 2560 935 2636 Michaelis
956 2565 988 2624 B.
1007 2562 1149 2626 Norherto

114 2676 341 2736 concesserunt,
355 2684 441 2747 quam
457 2662 575 2746 quidem
592 2663 756 2733 ecclesiam,
773 2676 804 2726 ut
818 2665 981 2726 communis
992 2664 1150 2750 habetopi-

115 2769 184 2840 niu,
197 2763 375 2829 Godelridus
393 2764 558 2835 llullonius,
579 2763 707 2826 nunechio
727 2764 959 2847 dntrorpiensis,
978 2786 1055 2827 anno
1070 2771 1150 2830 totto

115 2889 173 2953 pro
187 2867 394 2928 canonicorum
410 2865 533 2943 collegio
547 2864 715 2926 instituerat
725 2876 753 2925 et
768 2865 931 2933 dotaverat,
947 2878 979 2926 nt
993 2866 1149 2947 expeditio·

115 2989 187 3032 nem
202 2967 324 3030 suumin
337 2970 455 3030 Terram
472 2969 608 3029 Sanctam
625 2969 682 3027 Deo
697 2979 725 3028 et
739 2970 768 3029 S.
786 2967 915 3028 uiolasti
929 2967 1060 3029 coelestis
1072 2969 1150 3031 mill-

116 3071 179 3134 tiae
192 3069 315 3152 principi
331 3067 554 3131 commendaret.
568 3066 756 3129 Godelridum
769 3079 865 3129 autem
877 3071 1013 3129 decimum
1025 3073 1151 3131 duorum

116 3173 355 3249 manipulorum,
369 3190 456 3250 quom
476 3173 512 3231 ud
522 3174 696 3248 imperatore
711 3173 841 3231 tiberem
853 3171 938 3249 feudo
953 3175 1056 3240 tenuit,
1069 3175 1152 3232 eccle-

117 3278 183 3335 siae
197 3273 232 3335 B.
247 3271 417 3343 Michaelis,
430 3275 469 3332 od
482 3291 552 3332 osus
567 3275 771 3332 canonicorum
787 3273 860 3332 inibi
874 3275 1073 3342 servientium,
1084 3293 1151 3332 oon·

118 3376 233 3444 tulisse,
249 3384 363 3435 constat
376 3392 409 3433 en
429 3370 586 3453 diplomate
604 3371 753 3434 Godelridi
774 3370 907 3443 Barbati,
922 3372 992 3434 anni
1007 3375 1086 3434 {tut
1100 3393 1151 3435 seu

119 3475 221 3558 potius
235 3473 303 3535 anni
320 3476 397 3536 ttao
412 3477 434 3535 ¹.

164 3579 196 3637 B.
211 3574 318 3636 llariae
331 3573 460 3653 Virginis
470 3574 585 3646 aedem,
600 3573 751 3636 duodecim
767 3574 973 3636 canonicorum
989 3577 1151 3639 accessione

120 3689 152 3738 et
164 3674 304 3737 aediliciis
317 3688 448 3736 ornatam
463 3687 492 3736 et
506 3674 535 3736 in
551 3676 700 3736 ecclesiam
719 3674 901 3756 collegiatam
920 3689 1060 3748 erectam,
1074 3697 1151 3739 anno

123 3779 205 3839 llll
218 3777 396 3839 consecrarit
411 3776 609 3849 Burchardus,
623 3777 775 3860 episcopus
788 3778 1009 3840 Cameracensis.

162 4009 170 4041 ¹
188 4007 240 4067 tiu.
253 4006 337 4059 lliraei
349 4009 394 4078 op.
407 4008 464 4076 dipl.
475 4017 492 4060 t.
505 4010 528 4076 Ι,
540 4023 564 4074 p.
576 4010 620 4077 87,
632 4017 655 4060 et
668 4008 820 4080 vienensem,
832 4019 849 4060 t.
862 4012 885 4077 l,
895 4025 918 4081 p.
933 4011 1048 4063 tlt-117.
