2978 4916
750 419 900 517 (aaa)

352 564 383 622 ln
398 560 517 622 ecclesia
531 559 618 642 hujus
637 558 770 621 coenobii
784 570 912 621 erectum
928 557 1023 619 luerat
1043 578 1094 636 per
1109 557 1288 619 Ludoricum
1306 556 1343 617 de

311 665 418 724 Romen
436 673 639 742 sumptuosum
661 660 798 723 sacellum
819 660 849 721 in
874 658 1013 720 bonorem
1034 660 1064 720 S.
1086 658 1215 740 losephi.
1234 657 1342 720 Sacelli

311 761 509 824 fundationem
525 772 554 824 et
572 760 710 824 miracula
730 759 837 822 ibidem
859 759 895 821 ad
910 758 1123 820 invocationem
1145 757 1226 820 illius
1245 757 1342 819 sancti

311 873 424 943 patrata
434 861 492 924 late
502 860 640 922 describit
654 859 840 922 Bollandusl.

351 970 380 1026 5.
402 964 550 1024 prioratus
566 982 618 1024 scu
638 960 854 1044 Leprosarium,
876 960 964 1039 vulgo
986 959 1169 1031 Ter-Sielcn,
1184 958 1269 1020 initia
1286 978 1341 1019 sua

311 1063 396 1125 debet
410 1063 535 1124 ilenrico
544 1061 581 1124 de
592 1060 762 1133 Hollauder‚
777 1060 828 1143 qui
842 1079 928 1122 cruce
940 1059 1073 1141 signatus
1085 1072 1186 1121 votum
1203 1059 1342 1120 llieroso-

310 1163 465 1247 lymitanae
476 1161 717 1244 peregrinationis
727 1161 840 1241 explere
850 1180 908 1220 nou
919 1160 1033 1228 valens,
1048 1159 1077 1220 in
1092 1158 1233 1220 bonorem
1245 1161 1273 1220 S.
1288 1163 1343 1220 La-

310 1265 368 1327 zari
388 1263 529 1345 hospitale
553 1262 706 1335 exstruxit,
731 1262 828 1343 ibique
851 1281 883 1322 se
905 1261 1087 1322 infirmorum
1112 1261 1236 1322 maxime
1260 1261 1342 1344 lepra

310 1364 484 1425 infectorum
499 1362 617 1424 servitio
632 1363 817 1444 manciparit.
837 1364 923 1423 duno
940 1365 1012 1423 taor
1030 1361 1160 1424 exstabat
1173 1361 1246 1423 illud
1260 1376 1342 1424 extra

310 1477 424 1548 portam
448 1465 476 1526 S.
504 1463 620 1544 Georgii
645 1464 681 1524 ad
708 1463 785 1524 viam
808 1483 881 1545 quae
908 1461 990 1524 ducit
1016 1464 1046 1524 iu
1071 1462 1212 1544 Wilryck.
1240 1462 1343 1526 Refert

308 1568 516 1648 Grammaye2,
532 1565 625 1649 primo
641 1564 743 1626 lratres
759 1564 938 1626 ministrasse
952 1562 1091 1645 aegrotis,
1111 1576 1211 1646 postea
1223 1565 1342 1626 eosdem
1379 1587 1386 1598 ’

310 1690 376 1730 cum
391 1667 554 1740 sororibus,
569 1665 686 1728 demum
696 1664 771 1727 solas
784 1665 926 1747 virgines,
941 1663 1047 1747 quibus
1057 1665 1152 1726 velum
1167 1678 1197 1727 ct
1209 1666 1342 1747 regulam

310 1774 339 1832 S.
354 1767 509 1848 Augustini
527 1769 630 1829 Petrus
644 1765 680 1828 de
694 1766 817 1840 dlliaco,
832 1766 984 1848 episcopus
1002 1768 1230 1838 Cameracensis,
1246 1768 1343 1850 impo-

311 1873 385 1941 suit,
399 1868 518 1952 cjusque
538 1888 685 1930 successor
704 1867 846 1930 lleuricus
863 1867 899 1928 de
918 1867 1018 1948 Bergis
1031 1867 1166 1929 instituta
1183 1868 1343 1950 peculiaria

314 1971 532 2054 praescripslt³.

352 2071 490 2134 Moniales
508 2084 586 2132 extra
607 2070 754 2133 civitatem
773 2084 942 2133 manserunt
956 2091 1046 2154 usque
1060 2071 1095 2132 ad
1110 2091 1158 2136 an.
1174 2075 1268 2144 1575,
1283 2093 1342 2154 quo

313 2175 456 2256 fugientes
479 2172 680 2234 infestationes
707 2171 949 2235 tumultuantium
977 2172 1188 2234 baereticorum
1217 2179 1343 2236 butrer-

311 2275 389 2358 piam
413 2295 444 2336 se
466 2287 650 2357 receperunt,
672 2273 721 2334 ubi
743 2276 871 2356 primum
897 2274 1067 2336 habitarunt
1090 2287 1169 2360 retro
1189 2275 1342 2338 ecclesiam

311 2379 341 2438 S.
365 2377 498 2457 Georgii,
524 2376 645 2458 aliisque
668 2375 698 2436 iu
722 2375 807 2449 locis,
832 2375 924 2438 donec
946 2396 1023 2438 anno
1046 2381 1125 2440 l595
1149 2376 1345 2440 obtinuerunt

312 2479 408 2538 locum
425 2476 553 2559 amplum
573 2488 602 2538 et
615 2475 801 2538 commodum
821 2476 858 2537 ad
876 2476 1026 2560 planitiem
1045 2478 1133 2540 castri
1151 2477 1180 2539 iu
1201 2478 1295 2560 platea
1310 2485 1344 2542 de

312 2581 499 2658 Lepclstruet,
522 2577 570 2639 ubi
592 2591 794 2641 exstruxerunt
813 2578 1020 2640 monasterium
1035 2599 1101 2640 cum
1116 2578 1235 2640 ecclesia
1254 2592 1284 2641 et
1298 2582 1345 2643 in-

314 2679 450 2740 bumaria.

353 2783 470 2842 Praeter
484 2781 635 2862 antiquum
652 2781 853 2863 Leprosarium
873 2782 1044 2843 Ter-Sielcu
1056 2794 1119 2844 crat
1132 2794 1162 2844 et
1179 2782 1259 2845 aliud
1274 2805 1343 2846 cum

313 2880 417 2944 sacello
441 2881 469 2941 S.
494 2880 566 2943 lobo
591 2901 672 2941 sacro
697 2894 775 2942 extra
799 2894 911 2964 portam
934 2881 1062 2943 Rubrum
1087 2883 1202 2946 decreto
1224 2899 1345 2948 senatus

348 3063 356 3093 ¹
375 3066 444 3114 Acta
454 3063 498 3113 SS.
511 3071 568 3113 tom.
582 3063 615 3114 lll
628 3064 720 3128 martii,
733 3079 756 3127 p.
769 3065 825 3113 118,

348 3148 467 3214 'Anttp
480 3147 631 3214 lib.ll,cap.
643 3148 687 3198 lx.
774 3143 776 3148 ’

347 3236 358 3266 ⁸
374 3237 431 3287 lam
446 3232 504 3286 iude
522 3233 554 3284 ab
568 3233 637 3286 initio
653 3234 741 3284 saeculi
756 3234 921 3287 decimitertii
938 3237 1057 3302 quaedam
1072 3238 1098 3288 iu
1115 3239 1198 3306 Belgio
1213 3240 1346 3306 leprosaria

244 3315 246 3322 ’
315 3321 473 3373 monasticam
492 3320 596 3372 formam
609 3320 746 3372 induerant.
762 3323 931 3387 Leprosarium
949 3325 1104 3378 Ter-Bunclr
1123 3325 1211 3376 dicitur
1231 3327 1346 3394 religioni

315 3407 480 3474 mancipatum
502 3421 543 3458 an.
567 3407 639 3456 1216.
659 3407 831 3458 ldecbliniense
848 3408 940 3460 dictum
962 3410 1095 3462 Ter-Stckc
1113 3421 1213 3462 vocatur
1232 3412 1347 3478 religiosa

315 3495 401 3544 domus
414 3508 453 3542 an.
467 3493 544 3558 1235,
559 3492 658 3558 quaudo
672 3492 806 3558 capellania
822 3493 910 3544 ibidem
924 3495 1044 3546 fundatur.
1061 3501 1130 3547 Anno
1143 3498 1208 3546 1256
1220 3497 1345 3565 episcopus

316 3578 475 3631 Tornacensis
493 3577 635 3644 praescribit
651 3580 762 3646 regulam
780 3581 921 3646 Leprosario
938 3582 1096 3632 Gandaveusi.
1113 3587 1183 3632 duno
1200 3583 1266 3632 tata
1282 3585 1346 3648 epis-

316 3680 391 3730 copus
409 3663 546 3714 leodiensis
564 3670 655 3715 statuta
674 3675 699 3715 ct
723 3665 827 3717 [ormam
852 3667 1006 3733 professionis
1025 3669 1166 3734 praescribit
1186 3669 1301 3720 fratribus
1321 3679 1346 3720 et

315 3751 437 3801 sororibus
451 3752 536 3801 domus
551 3753 711 3815 Leprosorum
722 3753 747 3802 in
759 3753 971 3806 Cornelio-Monte.
984 3755 1023 3806 Sic
1032 3763 1057 3805 et
1068 3755 1236 3820 Leprosarium
1245 3761 1346 3806 Antrcr-
1418 3813 1422 3822 Ι

317 3834 398 3900 piensc
414 3833 539 3899 religionis
558 3835 661 3886 formam
681 3836 783 3904 babuit,
802 3847 826 3889 ct
844 3839 869 3890 in
885 3856 914 3890 eo
931 3840 994 3890 sicut
1014 3840 1038 3889 in
1057 3841 1109 3892 aliis
1132 3843 1198 3892 lucre
1219 3841 1304 3892 tratres
1320 3853 1342 3891 ct

317 3935 409 3971 sorores
421 3921 518 3970 dirersis
529 3921 640 3972 claustris
652 3923 759 3988 sejuncti.
