3034 4908
541 467 694 570 (2⁰9)

500 667 524 721 8.
541 669 576 722 lte
593 669 695 722 Bennett.
708 669 734 722 L.

144 800 233 866 Vicus
245 799 315 865 olim
329 820 396 865 eum
410 800 524 867 seoello.

494 987 518 1038 9.
536 987 699 1040 limaeaoonr.
716 987 743 1040 t.

143 1117 234 1182 Virus
249 1116 279 1178 in·
294 1133 365 1199 agro
380 1118 600 1190 Priore-Laod,
615 1119 664 1201 qui
679 1139 696 1180 a
712 1117 914 1201 frequentibus
933 1117 1134 1181 inundationi·

1 1237 2 1258 ³
102 1217 159 1279 bus
172 1217 279 1280 sensim
298 1236 426 1280 emersus
445 1219 588 1302 appendix
605 1217 710 1281 deinde
729 1221 784 1282 init
803 1219 954 1302 parochiae
968 1218 1003 1282 de
1020 1219 1132 1293 Gastei,

103 1319 197 1382 donee
221 1337 297 1382 anno
324 1318 401 1382 1795
425 1339 483 1382 nna
506 1339 572 1381 oum
601 1320 817 1384 Priore-Loro
845 1321 875 1383 in
900 1319 1066 1404 parochiam
1093 1321 1133 1384 sit

103 1431 226 1484 erectus.
922 1433 923 1436 ’

522 1564 561 1616 to.
578 1565 669 1615 Erratis.
687 1566 712 1615 t.

145 1699 240 1780 Prope
255 1697 362 1776 Bergas
382 1693 417 1756 ad
436 1697 553 1758 Zamam
575 1695 605 1758 in
625 1717 699 1779 pago
723 1696 902 1760 Hiidernisse
919 1697 970 1777 (de
986 1718 1042 1781 quo
1057 1696 1133 1760 inira

105 1819 186 1862 nem.
210 1800 258 1876 18)
273 1807 335 1859 erat
350 1795 522 1858 coenobium
542 1795 690 1879 virginum
707 1799 754 1860 eui
772 1820 878 1861 nomen
907 1798 1032 1871 Enteiis,
1057 1801 1133 1883 quod

104 1919 245 1983 aquarum
260 1896 450 1961 inundatione
463 1897 558 1980 periit.

479 2079 519 2132 11.
537 2079 717 2132 Enarasnonen.
735 2081 760 2129 1.

146 2227 235 2289 Virus
247 2224 317 2287 olim
332 2245 398 2288 oum
413 2223 526 2288 sacello.

512 2407 552 2459 12.
569 2405 686 2460 noerae.
704 2409 730 2457 L.
813 2427 816 2438 ·

1 2613 2 2618 η
147 2541 237 2602 Vetus
254 2537 416 2600 dominium
438 2537 491 2600 sub
513 2558 587 2621 pago
605 2538 640 2600 de
658 2538 765 2623 Nispen
782 2539 873 2618 (inira
891 2560 971 2602 num.
985 2542 1043 2619 24)
1060 2540 1137 2623 quod

106 2661 184 2704 anno
206 2644 284 2704 1159
303 2639 443 2702 coenobio
462 2639 668 2721 Tongerioensi
688 2642 846 2716 arcessit¹,
865 2641 941 2703 dono
964 2642 1081 2703 Berneri
1102 2641 1138 2706 de

1 2725 2 2794 ἶ
107 2743 295 2825 Risebergen.
312 2743 492 2823 Occupataa
513 2741 628 2803 Batavis
644 2739 694 2810 ilia
712 2741 883 2804 Brabantiae
903 2753 995 2830 parte,
1011 2742 1137 2805 Essohen

107 2847 161 2909 snb
176 2845 277 2926 Belgio
288 2844 440 2906 Austriaro
451 2843 589 2905 remansit
600 2854 628 2904 et
639 2843 669 2904 in
680 2863 714 2906 eo
727 2842 792 2906 loeo
803 2855 876 2906 no'va
890 2855 984 2907 ereata
994 2856 1038 2907 est
1049 2844 1139 2906 eoele-

107 2949 150 3010 sia
164 2947 200 3010 ad
212 2967 297 3030 qnam
309 2957 408 3029 pastor
421 2945 571 3028 Nispensis
584 2945 796 3026 oommigrarit.
807 2945 934 3009 Coliator
944 2967 1029 3010 rurae
1041 2958 1137 3030 pasto·

1 3043 2 3052 ’
107 3050 178 3114 ralis
193 3061 255 3116 erat
269 3047 356 3112 abbas
370 3047 601 3130 Tangerloensis.

512 3227 550 3280 te.
568 3229 691 3278 exram.
709 3229 735 3279 t.

150 3365 192 3424 Ex
208 3361 336 3446 antiquis
356 3357 553 3424 monumentis
573 3371 687 3423 constat
706 3359 784 3422 hnne
801 3359 898 3422 lorum
916 3359 1073 3442 parochum
1090 3370 1140 3422 ant

108 3477 251 3528 rectorem
266 3463 417 3548 proprium
428 3462 504 3539 eirea
514 3482 622 3525 annum
636 3465 713 3526 1571
723 3459 858 3523 habuisse
869 3484 876 3531 ;
886 3461 935 3523 iile
947 3461 1024 3523 enim
1038 3460 1139 3523 eodem

1 3635 2 3640 ἵ
109 3585 187 3628 anno
201 3563 245 3626 vel
261 3585 336 3626 anno
351 3563 495 3645 sequenti,
508 3585 565 3647 quo
581 3567 720 3644 Martyres
735 3563 954 3626 Gordomienses
967 3565 1042 3647 passi
1058 3576 1141 3636 sunt,

110 3668 204 3731 Brilae
218 3665 410 3728 aCalvinistis
424 3686 439 3728 e
454 3664 583 3746 patibulo
598 3685 754 3748 suspensus
764 3677 817 3727 est.

150 3767 302 3853 Appendix
320 3766 456 3850 deinceps
477 3765 532 3829 fuit
549 3765 701 3856 parochiae
719 3767 754 3828 de
775 3769 1067 3846 Soet-doerdopteo,
1090 3765 1139 3828 sed

144 3992 153 4022 ¹
171 3989 274 4043 Videte
286 3991 352 4058 Ray,
365 4003 404 4054 op.
417 3987 456 4039 eit.
469 4003 493 4055 p.
506 3989 559 4040 140.
