3012 4912
578 507 695 602 (79)

121 651 177 719 sis.
198 649 229 712 iu
250 667 307 731 quo
321 647 380 710 iere
393 668 410 710 a
424 661 542 712 eentum
556 661 585 712 et
599 649 747 730 octoginta
761 649 845 708 annis
856 645 990 728 publicus
1002 647 1152 729 religionis

124 747 282 812 mtbolicae
292 748 388 812 cultus
399 769 450 831 per
461 751 582 814 Batavos
596 749 768 811 interdictus
783 746 891 819 iuerat,
906 768 957 830 per
970 747 1066 810 Gallos
1079 748 1152 812 duce

123 849 307 916 anendalin
330 862 519 934 expugnatur.
540 855 581 914 De
599 851 719 913 immani
743 849 791 912 illa
813 849 911 932 oppidi
931 849 1152 932 exspoliationet

123 972 140 1012 a
155 951 315 1013 furentium
332 950 458 1014 militum
473 952 595 1014 catervis
606 951 696 1024 iacta,
709 950 892 1013 vehementer
906 948 1031 1011 indoluit
1044 949 1153 1032 episco-

15 1055 16 1058 ’
125 1073 191 1136 pus.
201 1055 299 1134 ltaque
310 1051 426 1114 decreto
440 1053 576 1136 pastorali
588 1053 623 1114 de
637 1053 684 1114 die
697 1054 736 1114 ιι
750 1049 922 1132 septembris
932 1050 1154 1132 antverpienses

123 1151 295 1216 cohortatus
307 1165 350 1214 est
362 1152 396 1214 ad
412 1151 593 1234 elargiendas
607 1152 802 1235 eleemosynas
816 1151 931 1213 alilictis
942 1164 972 1212 et
985 1154 1013 1212 in
1029 1164 1155 1214 extrema

124 1252 299 1322 necessitate
320 1253 488 1316 constitutis
510 1252 789 1336 Bergizomensibus,
810 1272 933 1335 quorum
954 1249 1041 1332 longe
1064 1252 1157 1334 major

15 1363 16 1368 ’
126 1375 196 1440 pars
210 1352 417 1419 catholicorum
438 1368 508 1418 erat.
531 1358 572 1418 Eo
596 1355 625 1416 id
646 1355 713 1418 iecit
727 1374 877 1426 successu,
893 1367 924 1415 ut
938 1352 1058 1416 collecta
1073 1375 1158 1436 peou·

126 1454 180 1518 aia
193 1453 228 1514 ad
242 1453 454 1536 quinquaginta
471 1454 647 1516 llorenorum
663 1454 754 1516 millia
768 1453 929 1518 ascendisse
944 1454 1136 1536 perhibeatur.

171 1557 211 1618 Vl
224 1557 390 1626 decembris,
409 1555 439 1616 iu
454 1556 553 1636 vigilia
568 1555 744 1626 Nativitatis‚
758 1554 859 1616 morbo
868 1555 1046 1637 apoplectico
1063 1554 1158 1638 inopi-

127 1671 199 1726 nate
212 1658 289 1723 circa
301 1658 428 1724 medium
443 1659 612 1722 undecimae
625 1672 784 1722 nocturnae
798 1679 814 1720 e
827 1659 901 1722 vivis
915 1659 1045 1742 eripitur,
1056 1659 1159 1720 aetatis

127 1761 462 1844 undequinquagesimo
478 1774 567 1825 sexto.
586 1761 721 1845 Sepultus
745 1761 801 1823 luit
821 1761 853 1822 in
874 1781 949 1822 novo
970 1773 1159 1824 monumento

127 1864 332 1948 episcoporum
348 1866 377 1926 in
394 1866 513 1930 ecclesia
528 1865 694 1928 cathedrali.
710 1866 857 1928 Orationis
872 1865 1001 1928 funebris
1014 1865 1159 1930 deiectum

127 1965 339 2050 suppleverunt
352 1966 421 2030 cleri
431 1967 586 2052 populique
600 1968 738 2050 suspiria,
749 1967 854 2050 optimi
865 1965 1005 2048 praesulis
1014 1966 1159 2048 jacturam

130 2065 357 2150 deplorantium.

176 2170 249 2232 Dum
272 2168 385 2252 praesul
399 2169 435 2231 ad
454 2169 650 2252 episcopatum
668 2168 906 2251 antverpiensem
928 2169 964 2231 ab
978 2170 1162 2253 imperatrice

132 2267 224 2334 uaria
235 2269 369 2332 'lberesia
382 2269 597 2342 nominaretur,
608 2270 663 2332 hoo
674 2272 821 2352 singulare
831 2271 941 2342 evenit¹
951 2282 984 2332 ut
993 2269 1043 2332 illa
1053 2291 1160 2334 novum

132 2369 302 2454 episcopum
316 2371 477 2452 gravaverit
489 2371 628 2454 pensione
642 2391 737 2433 annua
752 2371 875 2434 duorum
890 2371 1014 2432 millium
1037 2371 1161 2436 llorenu·

134 2491 202 2534 rum
213 2471 361 2536 mediatim
372 2471 559 2555 persolvenda
568 2471 692 2554 Josepbc
704 2471 804 2536 comiti
815 2471 850 2534 de
861 2471 1053 2544 Sintzendori‚
1064 2472 1161 2536 cathe-

134 2575 228 2640 dralis
237 2575 372 2666 ecclesiae
386 2575 550 2640 Leodiensis
560 2577 705 2658 quondam
717 2577 872 2648 canonico,
884 2589 913 2639 et
922 2577 1080 2650 blancana,
1090 2577 1162 2640 ltalc

135 2677 279 2740 monacho
293 2676 330 2740 de
342 2679 492 2752 Somasco,
506 2677 641 2761 episcopo
656 2679 686 2740 in
702 2678 832 2761 partibus
846 2677 1019 2748 infidelium,
1038 2678 1164 2742 Viennae

134 2779 169 2844 in
183 2777 250 2842 aula
266 2779 467 2844 commoranti.
485 2779 634 2861 Ejusmodi
654 2801 727 2842 onus
748 2781 931 2862 episcopatus
946 2781 1165 2862 Antverpiensis

135 2899 295 2962 numquam
306 2891 390 2944 antea
400 2879 537 2942 subierat.
549 2880 699 2941 Pensionis
710 2879 815 2942 solutio
825 2880 899 2942 laeta
906 2893 950 2942 est
961 2881 1062 2943 saltern
1074 2901 1164 2964 usque

134 2979 172 3042 ad
186 3000 295 3042 annum
312 2984 403 3052 tuda,
417 3001 475 3064 quo
490 2981 654 3043 Moriconus
668 2981 796 3043 Viennae
810 2981 892 3043 obiit.

179 3084 259 3143 1749
272 3084 318 3142 die
329 3084 366 3142 li
378 3083 532 3161 februarii.
544 3081 616 3144 Sede
630 3094 749 3144 vacante
759 3081 858 3143 vicarii
871 3082 1018 3163 generales
1031 3093 1164 3144 statuunt

137 3183 246 3246 milites
258 3183 415 3246 desertores
425 3195 454 3245 et
464 3183 536 3246 alios
546 3184 715 3267 disciplinae
725 3184 859 3255 militaris
870 3185 1022 3247 violatores
1032 3206 1091 3246 non
1102 3205 1164 3246 esse

134 3283 320 3366 excipiendos
334 3284 410 3367 asylo
430 3304 603 3367 perannum
620 3287 749 3366 proxime
765 3285 982 3348 absolvendum.
1000 3287 1072 3351 Vide
1086 3286 1162 3347 inira

135 3385 173 3447 ad
188 3404 236 3445 an.
251 3387 340 3446 1750.
648 3393 649 3397 ’

177 3489 263 3546 Anno
277 3488 354 3547 l7l8
365 3505 461 3546 mense
477 3485 630 3560 februario,
641 3487 797 3570 diplomate
813 3488 949 3550 Ludovici
961 3493 1025 3562 XV,
1040 3495 1162 3551 Antver-

136 3585 203 3668 piae
218 3598 288 3647 tunc
299 3583 489 3657 dominantis,
505 3587 541 3648 ad
556 3601 704 3650 vacantem
719 3589 916 3671 episcopatum
928 3591 1095 3652 nominatus
1107 3591 1164 3652 iuit

134 3685 307 3754 Plaixardus
327 3687 362 3748 de
380 3687 569 3768 Brigecourt‚
584 3690 756 3752 cathedralis
777 3691 912 3753 ecelesiae
934 3692 1097 3754 leodiensis
1115 3713 1163 3754 ca·

134 3788 275 3860 monicus,
298 3786 395 3870 ibique
411 3789 582 3853 brabantiae
599 3792 833 3866 archidiaconus,
850 3793 980 3856 abbatiae
994 3797 1024 3855 S.
1039 3795 1115 3856 Petri
1132 3796 1162 3856 in

135 3891 237 3952 Monte
251 3888 390 3952 dioecesis
404 3889 620 3954 Catalaunensis
634 3892 722 3956 abbas
736 3895 1010 3968 commendatarius,
1025 3909 1054 3957 et
1067 3895 1163 3958 Ludo·-

134 3989 204 4054 vicn
212 3992 263 4052 XV
277 3989 397 4054 asteris
411 4003 441 4057 et
453 3991 490 4054 ab
499 3992 698 4076 eleemosynis.
709 3996 766 4058 Sed
781 3997 974 4078 promotionis
981 4019 1056 4060 suae
1067 3998 1163 4060 inani·
