3012 4912
828 534 942 631 (52)

374 700 388 732 u
413 676 443 736 in
458 694 520 736 eant
535 694 594 736 rem
610 673 667 736 dixi
683 674 801 737 donnino
816 675 936 747 Miseno,
951 676 1014 737 viro
1027 675 1091 759 pio,
1112 676 1202 759 probo
1217 688 1245 738 et
1259 677 1388 751 erudito,

375 802 388 832 u
412 776 459 838 cni
474 796 583 857 precor,
600 787 633 838 ot
647 776 732 838 fidem
749 775 898 848 adhibeas,
916 797 1018 860 meque
1033 777 1178 840 existimes
1191 798 1257 840 enm
1280 799 1342 842 esse
1363 793 1390 841 ct
1500 821 1502 858 3

375 903 389 936 u
412 890 549 960 perpetuo
566 877 710 951 futuroru,
725 878 878 961 adjurante
891 881 963 952 Deo,
979 879 1027 962 qni
1040 879 1160 942 summis
1174 880 1249 942 votis
1261 893 1290 942 et
1304 901 1389 943 cona·
1500 923 1502 930 ι

374 1005 388 1036 »
414 976 490 1040 tibus
510 980 624 1062 cupiam
644 978 777 1060 religioni
801 992 931 1052 nostrae,
953 1001 1038 1063 quarn
1061 1001 1155 1042 veram
1180 1001 1242 1043 esse
1264 982 1341 1053 scio,
1365 996 1393 1043 et

375 1105 389 1136 n
413 1078 504 1161 palam
520 1079 672 1161 profiteor,
686 1079 828 1162 prodesse.
844 1105 859 1138 n
878 1081 950 1142 ratu.
963 1102 990 1164 p.
1006 1086 1053 1142 75.

412 1181 466 1242 Die
480 1183 519 1241 20
527 1181 616 1258 junii.
632 1180 709 1242 Idem
721 1181 854 1263 episcopo
863 1180 1064 1264 Antverpiensi
1075 1181 1169 1243 denno
1184 1180 1302 1244 scribit:
1318 1181 1393 1245 «J'ai
1500 1179 1502 1252 Ξ

375 1303 389 1336 u
414 1280 483 1352 laici
498 1280 644 1343 ordonner
656 1287 670 1342 i
684 1281 859 1344 l'assemblie
873 1281 922 1344 des
933 1285 1028 1344 Estatz
1044 1303 1099 1364 qne
1114 1303 1146 1344 ce
1157 1282 1206 1364 qui
1220 1302 1236 1342 a
1251 1287 1312 1342 este
1329 1302 1394 1363 pro·
1500 1271 1502 1280 Ξ

374 1405 388 1440 ι
412 1382 468 1444 mis
483 1403 535 1465 por
552 1402 625 1445 nous
643 1403 679 1445 en
697 1383 760 1446 leur
777 1405 846 1446 nom
864 1387 976 1464 (scilicet
990 1406 1044 1462 per
1061 1387 1279 1445 declarationem
1300 1386 1333 1444 de
1349 1386 1394 1444 die

374 1509 388 1538 n
412 1486 432 1545 9
446 1487 551 1563 aprilis
565 1484 742 1564 Antoerpiue
751 1486 881 1564 lostam),
895 1484 1033 1546 touchant
1044 1484 1070 1546 ln
1082 1485 1204 1567 religion
1215 1483 1394 1566 catholicque

374 1607 388 1639 n
412 1589 443 1644 es
454 1583 584 1665 villaiges
595 1584 644 1666 qui
656 1596 720 1647 sont
731 1605 766 1645 en
778 1585 917 1654 Brabnnt‚
930 1605 991 1645 sera
1006 1585 1096 1668 snivy.
1110 1609 1123 1641 n
1139 1587 1211 1646 lbid.
1224 1604 1252 1666 p.
1269 1587 1308 1644 75
1322 1603 1395 1644 vers.

413 1685 493 1747 Licet
503 1686 694 1748 declaratione
706 1686 741 1747 de
753 1685 827 1748 dieo
838 1685 937 1768 aprilis
947 1685 1071 1748 liberum
1083 1685 1239 1748 catholicae
1247 1685 1396 1767 religionis
1500 1725 1502 1774 Ξ

373 1786 541 1848 exercitium
556 1785 656 1848 fnisset
676 1786 866 1868 promissum,
886 1805 952 1847 rnox
968 1797 1064 1848 tamen
1085 1797 1217 1868 exparte
1237 1785 1396 1848 haeretico·
1500 1775 1502 1852 Ξ

374 1908 438 1948 runt
459 1886 537 1968 pacis
553 1886 733 1948 conditiones
751 1885 910 1958 violentur,
926 1907 1082 1970 eorumque
1098 1886 1203 1970 ubique
1223 1887 1252 1948 in
1273 1886 1396 1948 dioecesi
1500 1873 1502 1948 f

373 1989 575 2071 Antverpiensi
590 1988 680 2050 crevit
694 1988 821 2050 andacia.
837 1991 901 2051 Huc
922 2001 1051 2073 spectant
1072 1990 1257 2063 documenta,
1271 2010 1345 2072 qnae
1366 1991 1396 2050 in
1500 1995 1502 2058 ζ

374 2089 423 2151 cit.
438 2091 560 2169 Repistr.
576 2091 611 2151 B.
626 2088 772 2168 leguntur,
787 2090 917 2152 scilicet:

416 2193 442 2251 l.
457 2191 695 2254 Contraoentious
704 2203 799 2253 contre
812 2194 913 2252 indicte
922 2203 980 2252 acte
994 2193 1032 2251 du
1042 2193 1062 2253 9
1073 2193 1165 2258 corii:
1177 2210 1206 2272 p.
1215 2193 1249 2252 8l
1262 2189 1311 2252 lol.
1322 2211 1396 2253 vers.
1501 2231 1502 2238 κ

415 2293 443 2352 2.
458 2291 581 2352 Pitition
597 2290 664 2352 a'un
680 2293 827 2372 replerunt
842 2311 895 2351 sur
915 2293 953 2351 ies
965 2293 1043 2350 ercis
1057 2292 1104 2350 des
1120 2291 1289 2370 ltiritiques;
1305 2311 1332 2373 p.
1348 2294 1398 2353 85.
1500 2349 1502 2376 Ξ

377 2392 665 2474 Proponunturraria
677 2391 800 2453 remedia
809 2389 997 2453 conformiter
1005 2389 1040 2452 ad
1053 2390 1178 2453 edictum
1192 2390 1400 2473 pacificationis
1501 2387 1502 2406 Ξ

377 2494 406 2554 in
422 2491 511 2555 Gallia
527 2512 572 2552 an.
589 2495 676 2554 1599.
1049 2501 1052 2506 “

417 2596 446 2654 5.
459 2589 613 2654 instructio
621 2596 653 2653 in
664 2611 754 2654 causa
764 2594 911 2673 reiipionis
917 2612 976 2670 pro
985 2594 1191 2653 commissoriis
1202 2593 1320 2674 Hapsus
1330 2596 1399 2654 mis·
1500 2581 1502 2642 Ξ

378 2699 434 2764 sis;
447 2715 474 2776 p.
486 2696 534 2755 85.

418 2796 447 2854 l.
460 2794 630 2855 summaria
643 2795 770 2855 deductio
782 2804 874 2855 status
888 2795 1093 2854 haereticorum
1106 2793 1295 2870 Autverpiae;
1306 2812 1335 2873 p.
1349 2793 1397 2853 86.
1500 2811 1502 2872 Ξ

419 2898 448 2956 5.
464 2897 597 2956 Remedia
610 2906 711 2955 contra
721 2896 928 2956 haereticorum
939 2895 1117 2963 insolentias,
1129 2897 1270 2954 communi
1281 2894 1399 2952 consilio
1500 2897 1502 2982 Ξ

378 2999 502 3074 episcopi
509 3008 534 3058 et
540 3001 754 3074 primariorum
764 2999 797 3056 de
809 2999 982 3077 mapistratu
994 3003 1081 3055 Anto.
1092 2997 1241 3060 concina:
1257 3013 1283 3074 p.
1296 2997 1336 3056 88
1350 2992 1398 3054 sol.
1500 2989 1502 3010 Ξ

380 3116 452 3158 vers.

420 3199 448 3258 6.
466 3197 601 3257 Rationes
613 3196 714 3274 quibus
729 3197 873 3274 probatur
893 3199 1052 3272 episcopum
1072 3190 1304 3270 Antonpiensern
1317 3213 1401 3272 posse

379 3300 544 3358 constituere
550 3307 696 3373 pastorem
709 3299 741 3356 in
757 3296 955 3365 asseuerante,
975 3293 1175 3358 Woensdrecltt
1187 3305 1213 3354 et
1227 3294 1325 3360 Puta,
1341 3299 1400 3355 sai·
1500 3285 1502 3336 Ξ

380 3401 424 3459 vis
438 3399 622 3458 induciarum
632 3399 780 3464 articulis:
794 3416 821 3476 p.
837 3397 874 3456 89
890 3393 938 3454 sol.
950 3413 1023 3454 vers.

421 3498 474 3557 Die
490 3498 603 3557 8maii.
616 3495 791 3558 Archiduces
810 3492 947 3554 mandant
961 3493 1095 3576 episcopo
1118 3499 1212 3563 Ante,
1233 3512 1291 3554 non
1314 3491 1400 3554 licere
1501 3537 1502 3540 η

381 3618 432 3682 per
445 3595 576 3659 inducias
589 3597 692 3658 exteris
702 3596 821 3677 aliisque
830 3614 896 3656 cnm
910 3594 1079 3657 scandalunt
1090 3594 1214 3656 haeresis
1224 3593 1400 3676 professione
1501 3665 1502 3680 Ξ

381 3698 476 3761 rivere
489 3697 518 3761 in
533 3699 587 3761 hac
600 3699 700 3782 patria.
715 3697 770 3761 Cit.
785 3699 906 3776 Repistr.
921 3698 957 3758 B.
972 3717 1000 3780 p.
1017 3702 1051 3757 ll
1070 3695 1118 3756 lol.
1133 3715 1206 3758 vers.
1500 3755 1502 3772 ,

422 3802 477 3864 Die
486 3802 526 3862 20
530 3802 620 3878 junii.
631 3803 728 3861 Lettre
736 3797 775 3860 dn
789 3796 935 3880 prisident
950 3797 1070 3860 Jeannin
1086 3794 1240 3878 il'evequc
1250 3794 1399 3856 d'tlnvers.
1501 3831 1502 3836 κ

382 3901 454 3962 ibid.
472 3921 499 3984 p.
514 3903 554 3964 90
569 3899 618 3962 sol.
632 3921 704 3962 vers.
1500 3873 1502 3968 Ξ

423 4003 477 4064 Dic
489 4004 527 4063 to
534 4002 614 4079 julii.
629 3998 802 4062 Archiduces
812 3996 965 4080 prohibent
977 3996 1186 4078 disputationes
1196 3996 1232 4058 de
1242 3995 1399 4076 religione,
1500 3981 1502 4096 Ξ
