3012 4912
138 724 152 754 »
177 697 305 776 villaiges
326 694 375 777 qui
393 706 460 755 sont
474 694 515 754 du
528 706 634 755 ressort
651 695 701 756 des
721 693 803 755 rilles
823 692 872 756 des
887 695 1156 771 Prouinces-Uuies,

140 825 153 856 o
179 798 287 860 situees
304 815 340 857 en
359 794 501 865 Brabant3
520 806 564 866 et,
577 807 641 857 tout
655 795 737 876 ainsy
751 814 806 876 que
820 795 848 856 le
863 794 923 856 seul
941 796 1066 858 exercice
1081 797 1116 858 de
1130 799 1157 859 la

137 927 151 958 e
176 899 299 980 religion
319 896 514 980 catbolicque‚
534 896 731 979 apostolicque
745 908 774 958 et
789 896 917 959 romaine
943 915 961 980 y
981 917 997 959 a
1016 904 1076 960 este
1090 899 1159 962 laict

136 1026 151 1057 u
176 1000 214 1062 du
227 1003 323 1082 passe,
335 998 402 1080 qu'il
415 1019 432 1080 y
446 1017 509 1059 sera
523 998 661 1060 continue
675 997 711 1059 de
722 1017 837 1070 mesore,
850 1017 916 1059 sans
929 997 1034 1060 aulcun
1047 1020 1159 1083 empos-

139 1130 162 1186 »χ
176 1102 312 1164 chement
330 1122 367 1182 ny
388 1100 594 1182 cbangement,
613 1113 643 1162 et
662 1120 729 1162 sans
748 1099 833 1182 qu'on
853 1100 916 1163 leur
939 1098 1034 1162 donne
1053 1101 1157 1164 aulcun

137 1229 152 1261 a
176 1202 320 1265 scandale.
332 1206 517 1264 Promettons
527 1209 543 1264 a
554 1215 630 1265 ceste
642 1204 787 1274 occasion,
798 1223 834 1264 au
849 1223 917 1265 nom
931 1202 966 1264 dc
978 1205 1013 1265 Sa
1029 1203 1159 1288 llajeste,

136 1331 150 1362 u
175 1325 232 1386 que
245 1305 270 1366 si
287 1303 410 1388 quelque
423 1302 641 1366 contravention
660 1323 678 1386 y
692 1303 778 1365 estoit
797 1301 897 1375 laicte,
914 1302 969 1364 elle
985 1324 1161 1389 poursuyura

135 1431 150 1464 u
176 1405 366 1468 insternrnent
383 1404 483 1466 lesdits
497 1404 645 1485 seigneurs
656 1405 705 1466 des
719 1407 815 1466 Estote
827 1424 900 1486 pour
910 1403 937 1465 la
951 1403 1022 1466 laire
1035 1410 1160 1487 reparer3

136 1533 151 1564 e
176 1527 214 1569 en
225 1519 304 1569 sorte
317 1527 373 1589 que
383 1505 471 1568 ladite
482 1525 626 1587 promesse
636 1507 692 1568 soit
705 1504 842 1567 ellectuee
856 1504 891 1566 de
901 1504 997 1566 bonne
1012 1505 1068 1588 loy.
1083 1496 1163 1567 Faicl

135 1635 150 1666 u
176 1613 193 1669 a
208 1611 333 1679 bnuers,
344 1609 371 1669 le
380 1606 487 1690 9⁰jour
498 1606 594 1668 d’arril
613 1609 697 1668 ¹609.
709 1607 798 1686 Sigae
811 1626 817 1666 :
828 1608 860 1666 P.
872 1607 993 1677 laeuum
1005 1597 1072 1666 Eue
1085 1629 1117 1668 on
1131 1629 1162 1667 aa

135 1736 150 1765 a
177 1711 267 1769 Pnacn
284 1730 316 1769 ou
330 1710 418 1770 Russr
430 1711 452 1767 ¹.
468 1731 483 1764 ι
497 1711 534 1768 Et
548 1727 583 1768 en
596 1706 646 1768 bus
659 1706 764 1768 estoit:
782 1729 796 1762 u
811 1709 867 1767 Par
880 1705 961 1788 copie
973 1706 1163 1768 collationnde

134 1835 150 1866 u
176 1809 287 1871 al'acte
297 1808 422 1888 original
432 1818 568 1890 reposant
578 1807 665 1870 soubz
676 1826 755 1891 moy,
770 1831 785 1865 u
798 1809 982 1868 Venanrcunu.

177 1912 232 1971 Die
249 1913 269 1972 9
287 1912 377 1988 junii.
399 1912 517 1970 Praeses
535 1909 657 1973 Jeannin
679 1907 782 1970 scribit
802 1908 837 1968 ad
854 1908 1020 1990 episcopum
1042 1912 1163 1970 Antrer-

133 2009 283 2092 piensem,
304 2010 334 2070 in
355 2009 450 2070 literis
469 2030 503 2070 ex
524 2011 605 2089 Haga
626 2007 748 2071 Comitis
768 2029 818 2090 per
842 2007 980 2068 decanum
1003 2006 1162 2069 nubercam

133 2111 269 2171 bliraeum
291 2108 385 2171 allatis
408 2131 414 2170 :
437 2134 451 2166 u
479 2110 560 2171 Nosti
578 2129 664 2192 quarn
688 2108 804 2170 difficile
825 2109 863 2170 sit
884 2108 1032 2189 religionis
1051 2122 1165 2170 nostrae
1187 2140 1192 2145 =

88 2198 97 2208 ’
136 2236 150 2267 e
177 2209 292 2272 cultum
313 2208 494 2271 introducere
515 2229 581 2271 curn
600 2230 634 2272 eo
657 2209 822 2292 splendore,
841 2210 890 2292 qui
911 2209 953 2270 rei
977 2207 1119 2292 majestati
1137 2223 1166 2272 et

132 2338 145 2368 e
176 2308 316 2390 dignitati
330 2329 398 2370 suae
409 2309 557 2381 convenit,
574 2310 604 2371 in
619 2309 655 2372 iis
664 2311 746 2393 pagis
758 2310 808 2393 qui
825 2321 893 2372 sunt
909 2309 1028 2374 ditionis
1039 2312 1165 2374 foedera-

135 2437 149 2467 »
181 2422 278 2471 torum
293 2408 446 2472 Ordinem.
465 2408 531 2471 ldeo
545 2410 637 2471 tutius
654 2410 715 2472 sore
731 2411 755 2472 si
773 2423 901 2493 tempore
916 2411 1096 2475 induciarum
1112 2413 1167 2475 boc

136 2538 150 2567 u
179 2521 296 2571 tantum
318 2507 523 2591 postulaveris,
538 2521 570 2570 ut
584 2510 685 2592 religio
700 2524 777 2573 sarta
795 2523 870 2573 tecta
889 2525 1087 2584 conservetur,
1102 2533 1167 2597 pas-

138 2638 151 2668 e
178 2622 315 2692 torosque
324 2608 415 2671 libere
427 2629 512 2672 suurn
523 2610 651 2672 officium
664 2611 763 2693 exequi
775 2612 898 2694 possint,
911 2624 970 2674 tarn
984 2613 1014 2674 in
1029 2613 1166 2676 adminis-

136 2739 151 2770 »
180 2712 306 2773 tratione
329 2723 574 2773 sacramentorum
596 2731 682 2794 quam
699 2712 839 2792 euangelii
861 2713 1087 2793 praedicatione;
1112 2714 1167 2775 alia

135 2841 151 2872 e
179 2833 264 2884 vcro,
281 2833 354 2896 quae
368 2813 411 2874 tui
423 2813 577 2875 ministerii
588 2825 672 2886 sunt,
689 2815 711 2875 si
725 2827 774 2875 tua
785 2814 876 2896 pietas
887 2826 916 2876 et
932 2814 1082 2896 vigilantia
1096 2815 1168 2877 omi·

136 2941 151 2972 a
179 2913 267 2986 serit,
284 2912 410 2996 prudens
426 2914 579 2975 consiliunt
599 2926 628 2975 ct
640 2913 855 2996 laudedignuor
871 2915 943 2976 mibi
959 2915 1119 2988 videbitur,
1131 2936 1168 2978 ne

136 3045 152 3075 e
179 3015 251 3076 baec
262 3015 392 3096 ingenia,
408 3035 480 3097 quae
496 3015 579 3078 facile
593 3014 815 3088 exacerbantur,
830 3031 1043 3100 conquerantur
1057 3018 1166 3090 denuo,

138 3145 152 3174 u
181 3129 215 3178 ut
222 3114 282 3197 jam
297 3115 438 3187 lecerunt,
450 3116 505 3178 boc
515 3129 628 3177 tantum
640 3119 829 3199 promissum,
845 3131 877 3180 ut
891 3132 1019 3200 pastores
1028 3120 1058 3180 in
1069 3119 1167 3181 divino

137 3245 152 3276 u
181 3216 264 3278 cultu
282 3228 312 3278 et
327 3216 444 3278 servitio
462 3229 660 3299 perseverent,
677 3217 720 3278 uti
737 3229 867 3302 tempore
881 3218 964 3292 belli,
981 3219 1057 3302 quod
1080 3218 1166 3281 etiarn

138 3347 154 3377 a
183 3339 237 3400 pro
247 3340 361 3382 summo
373 3320 511 3382 beneficio
524 3341 555 3383 se
569 3321 742 3383 concessisse
756 3333 873 3404 putant,
889 3343 942 3383 nec
959 3323 1017 3405 pati
1029 3345 1124 3406 posse,
1135 3337 1168 3386 ut

139 3447 155 3478 »
183 3420 292 3503 aliquid
308 3422 431 3504 amplius
448 3422 615 3505 adjiciatur3
630 3436 659 3485 ct
672 3423 740 3495 boc,
757 3423 868 3486 etiamsi
884 3424 1001 3497 durum,
1018 3424 1166 3486 serendum

140 3547 156 3578 u
184 3535 280 3584 tanuen
292 3543 394 3585 censeo
405 3524 436 3585 in
447 3524 483 3586 iis
494 3524 600 3596 initiis,
612 3524 704 3586 donec
715 3525 851 3606 paulatim
866 3525 964 3586 odium
980 3525 1167 3596 deferbuerit,

139 3648 156 3680 a
184 3635 213 3682 et
225 3623 366 3704 mitigatis
376 3624 501 3704 ingeniis
516 3625 581 3707 plus
592 3624 677 3686 liceat
680 3672 750 3687 .....
764 3625 947 3687 lunitendnm
960 3639 1018 3698 cst,
1036 3639 1067 3687 ut
1079 3645 1168 3688 vanae

141 3749 156 3778 o
183 3723 361 3804 suspiciones
384 3736 413 3786 et
427 3725 588 3786 calumniae
607 3726 749 3796 vitentur,
771 3745 807 3786 ne
825 3725 874 3808 qui
899 3726 1031 3806 religioni
1054 3737 1168 3787 nostrae

142 3851 157 3879 ι
185 3823 290 3887 infensi
308 3838 390 3898 sunt,
404 3825 529 3888 babeant
542 3826 619 3910 quod
630 3837 724 3888 astute
742 3839 771 3890 et
788 3827 887 3911 inique
901 3841 1066 3910 querantur.
1081 3828 1167 3890 Plura

180 4007 187 4035 ¹
204 4006 252 4058 Glr.
267 4009 364 4060 Vander
375 4009 480 4075 Vynclrt,
494 4009 562 4060 Hert.
578 4011 622 4060 dee
639 4009 748 4060 troubles
760 4013 803 4060 des
820 4012 963 4075 Peos-Bos
983 4018 999 4060 t.
1013 4010 1035 4059 11
1046 4027 1070 4074 p.
1083 4009 1132 4058 417
1144 4017 1166 4057 et

138 4093 205 4160 459,
217 4095 273 4145 edit.
285 4097 315 4145 de
328 4097 359 4146 Μ.
369 4097 399 4144 de
411 4095 568 4160 Reiffenberg.
