3034 4908
124 602 185 666 riae
199 601 315 685 regina,
326 600 396 664 dum
411 602 441 664 in
456 604 737 666 arrel'urnlmutana
750 602 876 685 degeret.
888 607 930 668 Ex
940 603 1019 668 illios
1032 605 1150 670 ordina·

125 703 206 766 tione
218 716 360 767 statutum
372 715 416 766 est
426 716 459 766 ut
468 702 578 766 Guldae
590 704 815 767 Tumboutanae
829 704 932 768 festivo
945 708 1150 772 encoeniorum

124 802 172 866 die
186 802 348 886 praedictae
359 802 495 866 ecclesiae
505 802 611 866 ibidem
625 825 720 866 annue
731 803 854 868 debeant
865 825 1030 888 comparere
1040 820 1069 871 et
1082 828 1151 891 sup-

125 903 310 987 plicationem
325 903 480 979 honorare,
497 917 529 968 ut
540 903 628 970 refert
642 905 811 970 Wiehmans
825 910 847 968 ¹.

506 1098 543 1149 19.
561 1101 664 1150 chnc.
681 1101 707 1150 0.
725 1099 782 1150 000.

168 1231 312 1294 llenricus
328 1229 365 1294 de
381 1229 483 1293 Welda
498 1229 595 1304 miles,
618 1231 713 1294 dictus
731 1233 878 1312 Steeacop,
899 1252 977 1295 anno
996 1236 1152 1296 1060111-

127 1330 215 1394 nobio
227 1331 434 1395 averbodiensi
451 1331 532 1394 dedit
548 1331 674 1395 decimas
689 1331 773 1415 etjus
784 1345 954 1416 patronatus
968 1334 1104 1396 ecclesiae
1117 1335 1153 1396 de

128 1433 229 1496 Welde
254 1433 337 1515 (alias
364 1436 531 1514 Welderen).
550 1440 595 1496 An
611 1434 659 1498 illc
673 1435 730 1499 loci
745 1435 880 1498 dominus
894 1434 996 1508 luerit,
1012 1436 1154 1498 nonsatis

128 1535 232 1620 liquet,
246 1535 341 1619 inquit
357 1537 396 1598 be
408 1538 472 1619 Roy
484 1537 507 1598 ².
523 1535 650 1598 Ecclesia
663 1547 817 1619 patronum
832 1534 918 1598 babet
933 1537 962 1600 S.
974 1535 1152 1600 Micbaclem.

486 1731 526 1780 20.
543 1733 678 1781 Wrsrnan.
694 1731 720 1780 C.
738 1729 795 1780 115.

169 1862 255 1924 llunc
272 1880 378 1945 pagum
392 1860 572 1944 alterumque
592 1862 661 1925 huie
680 1861 894 1925 conterminum
911 1863 1040 1925 Oostmol
1058 1865 1153 1946 (snpra

129 1979 210 2022 num.
223 1963 273 2038 10)
284 1959 354 2022 olim
365 1972 496 2044 tempore
503 1965 681 2025 Francorum
692 1961 835 2024 Saliorum
847 1961 974 2024 celebres
988 1962 1077 2024 foisse
1090 1984 1156 2026 con·

131 2061 223 2124 tendit
242 2061 433 2125 Wendelinns
455 2063 500 2142 (in
514 2081 600 2146 opem
613 2066 647 2125 de
660 2065 763 2129 Natali
781 2067 841 2126 solo
861 2068 953 2144 leptim
971 2065 1155 2144 Satirarum)

129 2163 255 2247 scriptor
275 2164 406 2228 eruditus
430 2165 479 2228 sed
507 2166 556 2248 qui
580 2165 671 2228 multa
692 2167 838 2248 congessit
863 2165 950 2230 debili
971 2166 1036 2229 nixa
1053 2165 1157 2228 lunda·

128 2277 237 2330 mento.

169 2374 211 2432 De
227 2369 353 2453 praediis
370 2369 425 2432 hoc
446 2370 475 2432 in
493 2371 557 2432 loco
571 2369 606 2432 ab
626 2369 751 2432 llcnrieo
771 2372 783 2431 1
804 2389 880 2432 anno
903 2374 981 2433 maa
996 2369 1108 2433 collatis
1122 2368 1157 2432 ad

132 2471 313 2535 fundandum
329 2473 536 2535 monasterium
551 2475 580 2536 S.
593 2472 730 2534 Bernardi
747 2472 857 2534 dictum
874 2484 917 2534 est
930 2493 1033 2555 supra,
1049 2493 1076 2554 p.
1089 2473 1157 2534 186.

171 2574 316 2638 Ecclesiae
329 2575 358 2638 S.
373 2573 490 2638 Martini
504 2574 625 2638 collator
639 2586 700 2636 erat
714 2573 866 2657 episeopus
880 2573 1108 2656 Antrerpicnsis.

462 2767 502 2820 11.
519 2769 687 2818 Wssrwrsm..
705 2769 731 2817 1..
750 2765 822 2816 1100.

172 2905 202 2964 ln
215 2901 269 2964 boc
279 2921 367 2984 pago,
379 2901 450 2963 alias
460 2901 538 2963 dicto
552 2901 735 2972 Woratmercl‚
744 2919 777 2961 ex
788 2897 864 2960 dono
874 2896 992 2960 chriei
1003 2917 1056 2958 van
1069 2896 1160 2959 Wilre

133 3003 273 3086 hospitale
287 3003 496 3086 Antvcrpiense
511 3001 676 3086 possidebat
690 3001 815 3064 decimas
830 3013 859 3063 et
869 3000 918 3084 jus
932 3011 1102 3084 patronatus
1115 3020 1162 3062 ec-

132 3106 235 3170 clesiae
255 3108 286 3170 S.
302 3104 463 3180 lamberti,
481 3125 547 3168 cum
564 3104 697 3188 pluribus
715 3103 791 3166 villis
805 3115 834 3166 et
848 3101 1009 3186 proediisl.
1026 3101 1168 3174 Refertur,

133 3207 182 3270 illa
202 3207 321 3270 donatio
341 3207 377 3270 ad
399 3228 508 3271 annum
530 3210 681 3272 11911111
702 3205 786 3269 titulo
801 3209 892 3268 llater
911 3204 990 3268 illius
1012 3202 1169 3286 hospitalis.

133 3307 256 3372 habebat
275 3309 536 3393 praesentationem
551 3308 586 3371 ad
600 3327 700 3370 curam
715 3305 897 3390 pastoralem.
950 3340 953 3346 ·

497 3503 537 3553 11.
555 3503 675 3552 Wonrec.
693 3499 718 3551 C.
736 3499 792 3570 500.

174 3635 315 3699 Canonici
326 3634 549 3718 dutrerpienses
560 3653 607 3696 an.
620 3636 699 3698 1155
707 3631 905 3695 Wortelanam
914 3625 1064 3692 ecclesiam
1076 3625 1163 3690 Divae

167 3855 176 3886 ¹
194 3856 240 3921 Op.
252 3854 292 3906 cit.
307 3871 330 3922 p.
343 3855 399 3906 701.

169 3943 179 3973 ¹
195 3942 241 4006 Op.
253 3940 294 3993 cit.
309 3957 332 4006 p.
342 3942 398 3994 110.

168 4028 179 4060 ³
195 4028 253 4081 Vide
265 4041 350 4096 supra,
359 4045 383 4096 p.
394 4029 451 4080 130.
