3034 4908
572 464 721 561 (eos)

521 665 544 712 ὅ.
562 668 649 717 Buten.
667 668 693 716 C.
713 667 768 715 tao.

170 805 233 865 Art.
254 806 292 863 15
305 800 555 864 consuetudinum
575 791 745 884 liprensium
767 813 974 864 annumeratur
992 801 1158 864 suburbano

130 905 253 985 Lyrano.
277 903 382 964 Curam
407 902 580 985 pastoralem
598 901 735 966 eeclesiae
758 906 790 963 B.
811 903 916 965 llariae
937 904 970 964 v.
992 900 1159 965 conserebat

130 1005 281 1088 episcopus
297 1005 529 1088 antuerpiensis,
550 1004 710 1088 capitulum
730 1025 799 1068 voro
817 1009 962 1088 tyrannm
983 1004 1040 1066 duo
1058 1003 1157 1066 altaria

130 1106 160 1168 in
176 1104 275 1168 eadem
291 1105 420 1169 eeclesia.

534 1251 558 1300 l.
576 1253 708 1301 Bouacnor.
728 1251 754 1300 G.

169 1387 284 1470 Capella
297 1389 327 1450 S.
342 1387 428 1469 Eligii
442 1386 669 1450 subceusebatnr
681 1387 818 1450 ecclesiae
836 1386 993 1470 parochiali
1007 1385 1043 1448 de
1059 1387 1154 1469 lleyst.

129 1488 203 1552 Vide
217 1488 285 1551 infr.
301 1507 381 1551 uum.
398 1493 445 1550 15.

525 1631 548 1680 5.
567 1632 643 1680 Boou.
661 1633 687 1682 c.
704 1631 761 1681 800.

170 1752 328 1816 Ecclesiam
349 1754 378 1816 S.
400 1753 507 1816 llariae
520 1752 609 1832 (alias
632 1755 661 1816 S.
683 1751 794 1830 Rochi)
815 1751 982 1815 conserebat
1006 1771 1103 1814 eomes
1122 1750 1157 1813 de

128 1857 289 1938 Cauteeroy
310 1875 344 1916 ex
365 1853 591 1937 transcriptione
611 1855 779 1918 monasterii
800 1855 960 1918 bobiensis.
983 1857 1158 1915 Memoratur

129 1954 160 2015 in
175 1952 351 2016 concordate
364 1973 411 2016 au.
429 1958 508 2017 1720
523 1955 595 2017 inito
613 1955 690 2017 iuter
703 1954 836 2017 abbatem
852 1953 1022 2017 bobiensem
1037 1966 1067 2017 et
1081 1974 1158 2015 mnr-

128 2054 262 2116 cbiouem
274 2054 310 2116 de
323 2054 446 2118 Fiennes
455 2055 617 2138 superjure
627 2067 798 2138 patronatus
808 2056 885 2117 inter
895 2075 996 2117 novena
1008 2054 1157 2138 parochias

128 2154 198 2217 hnic
212 2175 286 2238 pago
300 2155 410 2218 vicinas
424 2159 446 2217 ¹.

494 2299 517 2346 6.
535 2299 673 2348 Boncuonr.
691 2299 717 2348 C.
735 2298 791 2347 976.

169 2441 255 2500 llunc
275 2457 382 2522 pagum
401 2439 433 2501 in
452 2449 626 2502 testamento
647 2440 677 2502 S.
699 2437 882 2501 Willibrordi
903 2440 917 2478 ²
937 2435 1082 2518 designari
1102 2435 1156 2498 sub

129 2541 249 2603 nomine
265 2539 350 2603 uillae
363 2539 400 2602 de
416 2541 572 2604 Bocrunlde
592 2540 773 2603 contendunt
788 2540 912 2602 Miraeus
926 2551 955 2600 et
973 2537 1157 2601 Bosschaerts

128 2641 159 2703 iu
173 2643 306 2703 Diotrilre
319 2644 470 2719 deprimis
488 2643 604 2704 frisiae
622 2643 775 2718 apostolis,
790 2660 817 2721 p.
831 2643 901 2702 490.
916 2639 1005 2702 Addit
1019 2640 1067 2702 ille
1081 2639 1157 2702 Boc·
1209 2733 1211 2738 Ι

128 2743 218 2802 wolde
231 2741 375 2802 contineri
395 2753 424 2803 et
442 2740 568 2822 intelligi
586 2740 641 2803 sub
661 2741 779 2803 nomine
793 2742 1000 2820 Praepusdorc
1017 2741 1048 2802 in
1067 2740 1156 2802 dona-

127 2843 209 2918 tione
223 2844 366 2926 Rohingi,
381 2842 425 2906 vel
439 2845 506 2928 quia
520 2844 602 2907 locus
615 2844 775 2918 binomius,
790 2844 835 2907 rel
854 2855 1001 2927 tamquam
1015 2844 1157 2926 appendix

147 2957 159 3007 t
189 2965 246 3007 ars.

128 2968 144 3010 e
168 2967 327 3108 licolesiam
338 3065 404 3109 cnm
415 3046 535 3130 reliquis
546 3046 730 3130 appenditiis,
743 3045 867 3108 ablatam
879 3067 895 3109 a
906 3045 1056 3108 monacbis
1066 3048 1094 3108 S.
1105 3049 1157 3108 Ba·

126 3146 212 3208 vonis
234 3145 376 3218 Gandari,
395 3146 503 3210 eisdem
523 3147 652 3210 restituit
673 3147 750 3211 Otho
772 3150 795 3209 ll
821 3148 979 3230 imperator
1000 3147 1157 3229 diplomate

128 3268 175 3310 au.
211 3250 251 3309 tt
265 3250 287 3308 ὅ.

168 3251 258 3412 lillenr
272 3349 407 3413 monachi
428 3349 574 3412 habebant
590 3350 717 3413 universi
736 3351 802 3432 pagi
818 3350 972 3422 decimam,
988 3350 1024 3411 de
1037 3370 1093 3433 qua
1109 3371 1157 3411 ex-

127 3461 185 3513 stat
198 3449 324 3533 diploma
339 3451 456 3513 llenrici
472 3454 483 3513 l
499 3450 671 3515 Brabantiae
685 3451 767 3514 ducis
782 3454 801 3515 ⁴.
818 3452 860 3514 ab
872 3450 931 3515 illis
941 3452 976 3514 ad
989 3451 1154 3535 episcopum

161 3689 170 3719 ¹
188 3693 257 3757 Apud
271 3690 401 3759 utrarum,
413 3700 471 3743 tom.
483 3693 530 3759 lll,
541 3709 564 3758 p.
576 3693 632 3742 279.

162 3777 172 3806 ¹
189 3779 248 3829 Vide
259 3794 345 3845 supra,
357 3795 381 3843 p.
393 3779 449 3829 965.

160 3865 171 3893 ⁸
189 3864 256 3930 apud
269 3865 386 3915 bliraeum
395 3901 402 3930 ,
411 3872 470 3916 torn.
483 3865 506 3932 1,
519 3882 542 3930 p.
555 3865 595 3915 49.

119 3957 121 3964 ’
161 3951 170 3982 ⁴
189 3950 256 4014 apud
268 3949 388 4016 butkens,
400 3958 458 4001 tom.
472 3953 493 4018 l,
505 3952 598 4003 Preuo.
612 3965 635 4014 p.
648 3950 686 4001 69,
