2978 4916
776 457 925 556 (aas)

337 658 471 701 concessa
494 639 612 701 luerunt
631 605 697 719 jura
722 637 911 718 parochialia,
935 648 1053 719 excepto
1078 637 1159 701 fonte
1184 639 1357 721 baptismali,

337 760 422 821 quem
446 740 575 803 obtinuit
595 760 670 803 anno
693 743 769 802 1177
790 743 811 801 ¹.
838 739 964 802 Ecclesia
990 752 1111 802 exeunte
1138 742 1253 804 saeculo
1278 744 1360 804 Xlllll

339 860 435 903 eversa
450 840 515 905 luit.

679 983 703 1032 ὅ.
721 983 838 1032 Ecetram
856 981 879 1032 S.
898 986 1023 1030 hunnum.

378 1110 410 1168 ln
426 1106 618 1188 parochialem
639 1117 733 1169 erecta
749 1124 826 1166 anno
843 1107 931 1168 1529.
949 1103 1008 1168 Clr.
1031 1105 1211 1179 hiereneus,
1233 1116 1305 1168 tom.
1319 1109 1361 1179 tv,

339 1228 367 1290 p.
379 1209 428 1271 18.

632 1329 656 1378 d.
674 1329 790 1400 liccnusm¹
808 1328 833 1379 S.
850 1327 937 1377 lscoer
955 1341 980 1376 nr
997 1328 1070 1375 huon.

378 1451 430 1515 Die
443 1454 479 1514 11
497 1450 564 1534 julii
581 1453 655 1515 1571
672 1470 763 1514 uerae
780 1449 859 1521 Arci,
872 1449 909 1510 ab
922 1448 1035 1512 Albano
1049 1450 1202 1522 excitatae,
1218 1451 1363 1515 benedixit
1480 1469 1481 1518 t

337 1551 489 1633 episcopus
505 1551 648 1624 Sannina,
661 1562 692 1614 et
704 1550 736 1613 in
750 1572 783 1614 ea
796 1550 920 1613 sacrarit
934 1549 1057 1612 fundum
1071 1549 1103 1612 ln
1121 1570 1179 1632 quo
1193 1551 1364 1613 exstruenda

337 1662 400 1712 erat
413 1651 467 1714 sub
482 1650 568 1714 titulo
586 1652 636 1714 SS.
651 1650 777 1734 Philippi
792 1661 822 1714 et
834 1648 933 1714 Jacobi
950 1648 1070 1712 ecelesia
1085 1649 1270 1731 parochialis.
1285 1655 1364 1714 lianc

338 1770 386 1812 au.
402 1754 480 1813 1571
493 1750 570 1813 idem
587 1751 739 1835 episcopus
753 1750 933 1814 consecrarit
951 1762 981 1812 et
999 1751 1030 1812 in
1051 1751 1245 1833 parochialem
1262 1753 1365 1824 erexit,
1480 1745 1482 1804 ἒ

338 1851 423 1934 eique
442 1852 586 1914 concessit
606 1851 717 1914 fontem
736 1850 938 1935 baptismalem
958 1862 988 1914 et
1010 1851 1067 1912 alia
1085 1851 1153 1934 jura
1177 1852 1363 1934 parochialia,
1481 1881 1482 1884 ¹

339 1951 495 2032 designans
515 1951 542 2014 ei
560 1951 750 2036 parochianos
763 1972 864 2016 omnes
878 1958 981 2015 urcem
996 1951 1204 2023 inhabitantes,
1223 1964 1253 2015 et
1267 1973 1366 2016 conse·
1481 1959 1482 2008 ἶ

338 2066 461 2136 quanter
482 2057 586 2117 Arcem
611 2053 823 2118 dimembrabat
847 2074 863 2116 a
888 2053 1023 2136 parochia
1047 2055 1076 2116 S.
1097 2053 1215 2134 Georgii
1236 2055 1292 2117 suh
1314 2076 1367 2138 qua
1481 2065 1483 2134 ζ

341 2147 425 2216 antea
446 2153 754 2238 comprehendebatur.
768 2158 866 2231 Quum
879 2154 935 2216 boc
951 2152 1137 2236 abepiscopo
1152 2153 1262 2216 lactum
1277 2154 1367 2217 luerat

341 2255 403 2317 siue
414 2255 628 2319 interventione
638 2257 757 2340 capituli
769 2254 954 2328 cathedralis,
964 2255 1001 2316 lis
1013 2267 1092 2316 mota
1102 2265 1146 2316 est
1157 2274 1254 2316 coram
1266 2255 1368 2318 abbate

340 2356 369 2417 S.
377 2354 529 2417 Gertrndis
540 2355 673 2430 herculi,
682 2355 790 2438 judicis
801 2367 830 2418 et
840 2354 1051 2418 conservatoris
1062 2353 1282 2436 privilegiorum
1293 2357 1368 2439 capi·

340 2456 404 2534 tuli.
416 2455 472 2518 Sed
484 2457 644 2538 capitulum
654 2476 702 2521 an.
714 2460 807 2529 1575,
821 2456 851 2518 iu
865 2456 1041 2520 erectionem
1053 2456 1200 2519 consensit
1210 2455 1266 2518 sub
1282 2457 1367 2519 certis

341 2555 560 2620 conditionibus
573 2557 696 2641 desuper
710 2557 792 2620 initis
810 2577 878 2620 cunr
897 2569 1012 2640 pastore
1025 2567 1055 2620 ct
1068 2555 1263 2638 gubernatore
1278 2558 1367 2621 hrcis

341 2657 400 2720 Clr.
421 2659 601 2735 Diercxeeus,
617 2671 688 2724 tom.
702 2662 736 2733 V,
751 2679 779 2743 p.
794 2663 853 2722 111
867 2671 897 2722 ct
911 2678 990 2742 seqq.

658 2823 680 2873 7.
698 2823 815 2873 Ecetram
832 2824 857 2874 S.
875 2823 1056 2889 Wrnnrnacnnt.

380 2945 484 3007 Paucis
505 2946 590 3008 annis
607 2945 643 3008 ab
665 2944 747 3009 obitu
769 2947 799 3008 S.
822 2944 1022 3017 Willihrordi,
1040 2945 1088 3028 qui
1109 2955 1272 3008 extremum
1295 2945 1367 3006 diem

341 3044 446 3108 clausit
458 3065 506 3108 an.
518 3049 578 3109 758
588 3047 632 3109 vel
640 3046 722 3129 juxta
733 3045 935 3109 hlahillouium
949 3067 998 3110 an.
1012 3049 1084 3116 711,
1100 3044 1283 3108 inhonorem
1297 3045 1368 3108 tanti

342 3146 452 3226 patriae
469 3158 586 3210 nostrae
606 3145 729 3228 apostoli
749 3157 843 3207 crecta
860 3158 905 3209 est
925 3147 956 3208 iu
981 3144 1148 3208 suburbano
1166 3144 1368 3228 antverpiensi

342 3244 451 3327 capella
465 3264 539 3328 quae
552 3243 670 3309 suberat
683 3244 806 3327 plebano
820 3245 1034 3328 hutverpiensi.
1047 3249 1132 3308 huno
1147 3247 1226 3308 1501
1240 3245 1272 3308 in
1287 3265 1368 3329 paro·

343 3343 439 3407 chiam
457 3356 568 3418 crecta,
586 3346 737 3428 proprium
758 3344 899 3406 ricarium
917 3365 967 3407 seu
990 3357 1133 3427 pastorem
1152 3345 1276 3427 accepit,
1291 3364 1368 3427 prae-

345 3459 475 3530 terquam
496 3447 573 3531 quod
595 3447 731 3510 nonnisi
752 3467 829 3510 anno
847 3449 920 3511 1111
946 3445 1057 3511 lentem
1075 3447 1278 3530 baptismalem
1297 3445 1383 3536 obti-¹

233 3536 236 3543 ¹
345 3548 441 3610 nuerit
459 3550 481 3610 ².
503 3547 644 3621 Ecclesia,
665 3549 753 3610 uariis
775 3547 954 3632 temporibus
977 3561 1196 3621 aueta,·exusta
1218 3547 1275 3611 luit
1298 3566 1369 3610 anno

380 3789 389 3819 ¹
407 3792 570 3843 concessionis
588 3793 694 3858 diploma
715 3793 788 3844 relert
809 3761 959 3859 Scribanlus:
983 3794 1054 3857 Orto.
1075 3793 1245 3856 Autucrpleo.
1270 3807 1321 3857 cap.
1341 3793 1369 3842 Χ.

349 3878 397 3928 ch.
409 3893 481 3943 supra
493 3893 516 3943 p.
530 3879 584 3929 tta.

383 3965 394 3995 ¹
410 3963 469 4013 Vide
480 3977 552 4028 snpra
564 3979 588 4031 p.
603 3965 658 4016 tte.
