3034 4908
824 441 897 518 290
995 463 1009 498 ⁴

344 571 474 662 Virginis
488 579 568 660 (alias
580 581 608 642 S.
622 579 741 642 loannis
753 445 1027 662 siptaaeeeierunr
1037 579 1073 642 ab
1088 575 1223 664 episcopo
1236 577 1375 646 Camera-

345 681 424 744 censi
438 681 567 744 Nicolao.

708 843 749 893 25.
766 841 883 892 Zocasut'.
902 843 927 893 C.
946 843 1002 894 350.

384 988 541 1052 Ecclesiam
555 991 584 1052 S.
599 987 779 1052 Elisabethae
793 989 959 1052 conserebat
975 989 1062 1051 etiam
1077 991 1236 1073 capitulum
1249 997 1377 1054 Antver-

296 1135 297 1138 κ
343 1093 441 1176 piense
453 1092 482 1153 in
495 1091 550 1154 hoe
564 1111 653 1174 pago,
666 1090 736 1153 olim
748 1109 848 1173 apage
863 1090 899 1152 de
910 1090 1050 1153 Westmal
1059 1091 1190 1174 sejuncto
1202 1104 1232 1154 et
1243 1093 1275 1154 in
1288 1113 1375 1176 paro-

342 1194 437 1258 chiam
449 1204 556 1258 erecto.
1003 1192 1006 1198 ’

800 1435 821 1510 a.
848 1435 907 1496 vn.

673 1619 835 1680 Decoaotos
848 1618 1002 1680 Bradanus
1017 1619 1039 1676 ¹.

726 1804 747 1852 1.
765 1805 862 1852 durans
882 1803 909 1854 L.
926 1801 983 1852 870.

382 1951 477 2030 Pagus
488 1947 707 2032 antiquissimus
714 1947 766 2030 qui
779 1948 808 2009 in
821 1959 994 2010 testamento
1004 1949 1034 2010 S.
1045 1945 1228 2009 willibrordi
1243 1947 1374 2027 Alpheias

341 2048 463 2124 dicitur,
484 2049 591 2135 quique
608 2048 702 2114 eidem
720 2050 825 2111 Sancto
845 2049 881 2111 ab
899 2048 1073 2130 Engelberto
1094 2050 1206 2110 Franco
1221 2047 1301 2112 Salio
1318 2049 1374 2112 do-

341 2161 428 2213 natus
443 2147 508 2226 luit,
520 2171 596 2213 anuo
611 2151 724 2214 decimo
738 2149 841 2233 quinto
854 2148 1031 2212 Childeberti
1041 2151 1219 2211 Francorum
1234 2150 1325 2232 regis,
1337 2162 1373 2212 ut

341 2252 428 2316 habet
446 2252 612 2316 donationis
629 2249 756 2335 diploma
771 2254 794 2312 ².
812 2255 891 2313 Bona
912 2251 941 2312 in
962 2250 1018 2313 hoc
1036 2249 1192 2334 diplomate
1210 2263 1373 2315 memorata

339 2354 368 2418 S.
383 2352 591 2418 Willibrordns
605 2353 724 2437 reliquit
738 2351 914 2416 monasterio
932 2351 1152 2435 Epternacensi,
1166 2352 1243 2436 quod
1258 2353 1373 2438 aliquot

373 2577 382 2608 ¹
399 2578 489 2629 Omnes
505 2573 632 2644 parochias
652 2575 723 2643 hujus
742 2575 872 2627 decanatus
889 2575 948 2626 olim
968 2573 1039 2626 luisse
1059 2573 1172 2626 dioecesis
1189 2575 1329 2627 leodiensis
1346 2586 1373 2628 et

339 2662 437 2730 quidem
454 2664 548 2732 antiqui
564 2665 695 2715 decanatus
711 2663 834 2730 Bekensis,
851 2678 892 2714 seu
909 2662 1164 2728 Hatooeooetemn,
1183 2661 1228 2712 sub
1248 2663 1372 2714 archidia-

338 2759 427 2802 conatu
439 2750 590 2818 Campiniae,
605 2757 756 2816 compertum
768 2750 845 2801 habeo
859 2765 888 2800 ex
904 2746 1032 2800 collatione
1047 2749 1179 2799 decanatus
1193 2748 1297 2800 Bredani
1313 2766 1371 2801 cum

338 2837 440 2905 antiquo
453 2837 494 2888 illo
505 2838 625 2890 decanatu
642 2836 742 2888 Belensi
756 2835 875 2902 descripto
888 2835 913 2885 in
928 2835 1009 2886 codice
1021 2837 1071 2886 MS.
1084 2835 1175 2886 dudum
1192 2843 1249 2885 ante
1265 2836 1372 2887 erectio-

338 2941 395 2975 nem
406 2924 589 2990 episcopatuum
600 2923 625 2974 in
637 2923 721 2989 Belgio
731 2931 830 2974 exarato
839 2921 902 2973 circa
913 2937 1004 2972 annum
1018 2922 1089 2972 1530.
1102 2921 1130 2971 ln
1141 2921 1216 2971 citato
1224 2921 1308 2973 codice
1317 2925 1371 2975 MS.

337 3010 483 3062 omittuntur
494 3011 546 3060 loca
558 3009 678 3078 quaedam
688 3017 742 3074 post
753 3009 898 3059 erectionem
908 3007 1059 3073 episcopatus
1068 3007 1246 3070 dntverpiensis
1258 3007 1283 3057 in
1296 3023 1372 3072 paro·

333 3097 402 3151 chiae
416 3103 506 3164 erecta3
519 3104 655 3148 curantem
667 3095 756 3146 ibidem
767 3095 894 3146 omittatur
902 3093 1016 3162 parochia
1028 3081 1195 3160 antiquissima
1207 3096 1315 3160 Alpheas
1323 3111 1371 3146 sun

337 3183 390 3234 loen
401 3182 573 3252 inquirendum
584 3180 637 3233 erit.
683 3252 685 3255 ι

370 3269 439 3335 Apud
455 3268 596 3320 Diercxsens
612 3269 683 3335 (tom.
696 3269 736 3337 1v‚
751 3285 775 3336 p.
791 3268 899 3334 1111)οι
915 3266 1018 3336 registro
1033 3266 1169 3319 Landecani
1187 3267 1369 3334 antuerpiensis

336 3356 381 3407 sub
394 3356 512 3406 decanatu
528 3355 638 3405 Bredano
653 3361 827 3405 enumerantur
841 3369 891 3406 non
908 3361 1004 3406 tantum
1015 3352 1144 3419 parochiae
1156 3354 1197 3404 sed
1211 3353 1286 3406 etiam
1301 3355 1370 3406 vica·

336 3444 422 3510 riatus,
435 3441 540 3494 oratoria
549 3441 586 3493 vel
594 3441 681 3492 sacella
692 3449 716 3492 ct
727 3441 870 3508 appendices
880 3441 975 3492 illarum
988 3441 1164 3507 parochiarum.

367 3529 491 3582 Perochiis
502 3529 548 3580 illis
556 3529 588 3580 ab
598 3545 627 3580 eo
639 3537 737 3581 anctore
748 3545 875 3596 perperam
885 3538 1042 3581 accensentur
1055 3531 1217 3597 Cruyslondt
1227 3540 1252 3583 01
1264 3532 1368 3599 Harpen

332 3631 395 3683 qnae
410 3599 521 3680 spectant
540 3615 572 3666 ad
593 3615 738 3668 decanatum
759 3614 983 3684 Bergizomensem‚
1002 3625 1026 3667 01
1045 3607 1146 3682 Poppel
1167 3607 1230 3684 quae
1249 3619 1367 3683 parochia

333 3717 467 3769 numquam
479 3701 525 3752 fuit
533 3701 578 3753 sub
586 3701 705 3754 decanatu
717 3703 837 3770 Bredan05
849 3709 901 3753 erat
912 3702 977 3753 enim
988 3701 1104 3753 dioecesis
1119 3704 1307 3756 Busooducensis
1318 3704 1366 3756 sub

334 3789 452 3840 decanatu
460 3787 678 3840 Hilverenbekensi.
688 3787 831 3840 Parochiam
839 3803 895 3839 vero
904 3789 934 3839 de
942 3787 1074 3854 Sprondel
1080 3787 1153 3856 (inira
1164 3805 1232 3842 num.
1242 3791 1365 3858 9511101111

334 3875 379 3928 sub
390 3875 509 3926 decanatu
521 3875 707 3942 Bergizomensi.

368 3960 378 3990 ¹
395 3963 464 4026 Apud
475 3964 507 4013 Le
519 3957 578 4028 Ray,
590 3978 613 4026 p.
625 3963 681 4013 ddi.
