2990 4918
548 483 692 579 11091

112 649 126 683 e
149 643 265 687 mamre
282 621 415 684 stabilem
436 620 544 694 fixerit,
565 621 762 705 relinquamus
782 620 814 683 11
833 641 921 684 manu
943 622 1056 688 consilii
1076 626 1139 700 sui,

112 750 126 784 a
149 725 241 787 immo
252 723 367 786 consilii
380 724 441 796 Dei,
453 725 502 805 qni
514 723 660 786 diversum
673 745 689 784 a
700 723 784 786 uobis
795 724 1027 786 sentiuntllodo
1038 739 1139 789 contra

111 853 125 885 a
149 827 301 888 veritatem
324 835 375 888 aut
394 825 600 886 conscientiam
622 844 675 886 nos
692 823 764 885 nibil
785 844 877 905 neque
895 823 1025 886 docendo
1046 848 1140 910 neque

111 953 125 988 u
147 949 202 1011 per
217 947 271 990 nos
282 929 420 1009 metipsos
430 918 542 1007 agendo
553 946 715 1009 operemur.
728 928 770 986 lta
783 925 847 986 heic
858 925 887 988 in
899 926 989 988 ltalia.
1000 929 1140 1008 ingemis-

112 1056 126 1090 »
149 1051 216 1093 1111
229 1030 306 1101 licet,
321 1051 379 1092 non
391 1029 581 1112 praefractius
592 1029 765 1091 sententiam
781 1041 910 1092 nostram
921 1030 1013 1104 tueri;
1026 1045 1141 1113 oportet

111 1158 126 1190 u
150 1144 297 1214 practerea
311 1151 327 1192 a
343 1130 422 1192 nulla
441 1152 472 1191 re
494 1130 586 1212 magis
607 1151 711 1194 cavere.
727 1150 812 1211 quam
829 1151 845 1192 a
860 1131 1076 1195 eonlliotatione
1090 1133 1139 1196 illa

11 1275 12 1278 κ
111 1235 362 1296 »sententiarum
391 1247 477 1315 atque
504 1232 685 1316 opinionum.
710 1235 769 1294 Vos
792 1232 1007 1315 archiepiscopo
1030 1248 1139 1308 vestro,

11 1351 12 1358 ¹
110 1359 125 1394 u
149 1336 241 1398 immo
260 1333 394 1397 Pontifici
411 1336 532 1396 Summo
546 1333 712 1405 adhaerete,
726 1345 816 1395 etme
829 1353 942 1415 semper
957 1336 1141 1398 consentien-

111 1459 125 1494 »
150 1449 209 1498 tem
228 1435 383 1508 babebitis,
399 1435 448 1518 qui
465 1455 484 1496 a
506 1435 600 1516 capite
619 1446 719 1496 nostro
742 1435 806 1513 (cui
826 1434 940 1496 uicinus
960 1455 1022 1496 esse
1038 1457 1139 1518 pergo,

112 1563 126 1596 1
149 1557 327 1620 pangamque
349 1536 441 1598 donec
466 1549 621 1620 tempestas
636 1533 835 1616 deferbuerit)
859 1556 895 1598 ne
915 1535 1006 1600 latum
1023 1537 1140 1621 quidem

113 1665 128 1698 n
150 1659 282 1721 unguem
296 1639 441 1702 discedam
458 1642 480 1700 ¹.

149 1740 303 1824 Temporis
315 1740 473 1803 acerbitate
490 1751 520 1801 et
537 1759 624 1820 aegra
647 1741 778 1821 corporis
791 1740 957 1803 valetudine
972 1762 1139 1826 percussus,

109 1863 210 1906 cruram
234 1841 336 1903 babuit
359 1841 394 1903 de
419 1841 455 1902 iis
475 1860 548 1924 quae
571 1841 745 1922 Antverpiae
764 1841 874 1921 agenda
898 1855 994 1916 erant,
1015 1845 1041 1906 si
1066 1843 1141 1906 lorte

111 1957 205 2007 morte
225 1943 416 2026 abriperetur.
438 1945 478 2002 Ex
500 1940 647 2004 Florentia
668 1943 766 2025 itaque
781 1941 815 2002 ad
832 1943 965 2004 eumdem
979 1945 1139 2008 Antonium

111 2047 223 2108 Oomen
240 2043 364 2127 5011111
377 2041 537 2106 11911111
550 2043 668 2124 scripsit
681 2064 687 2103 :
703 2067 716 2100 «
733 2047 773 2104 De
784 2044 965 2106 vertentibus
977 2057 1140 2109 controuer-

113 2172 127 2206 1
150 2149 203 2210 siis
216 2149 231 2188 ²
243 2145 320 2208 aliud
340 2143 491 2206 oraculum
510 2165 566 2206 non
586 2144 675 2206 edixit
689 2144 840 2215 Pontifex,
859 2146 935 2227 quod
951 2167 1005 2227 ego
1023 2148 1139 2228 quidem

113 2274 127 2316 1
150 2249 258 2318 sciam,
275 2267 360 2329 quam
378 2245 450 2308 illud
469 2245 586 2309 loannis
604 2245 750 2327 Baptistae
767 2267 844 2309 :non
859 2250 950 2309 licere.
965 2251 1063 2331 ltaque
1080 2271 1138 2313 non
1201 2329 1206 2338 .

114 2373 128 2406 »
151 2350 208 2412 nisi
225 2348 382 2430 prudenter
396 2359 425 2408 et
444 2346 682 2427 prudentissime,
705 2347 799 2428 quoad
820 2367 927 2430 poenas
946 2351 1098 2412 canonicas
1113 2364 1141 2413 et

11 2499 12 2508 ,
113 2474 127 2508 u
150 2447 334 2531 hujusmodi,
354 2445 650 2529 procedendumcst,
674 2460 703 2507 ot
722 2467 835 2529 semper
852 2448 952 2510 eodem
976 2470 1061 2530 passu
1083 2471 1140 2533 quo

113 2577 128 2610 n
151 2549 368 2615 blecbliniensis
381 2561 411 2610 et
425 2547 700 2610 lluraemundensis.
721 2548 839 2610 Videbis
857 2571 889 2610 11
908 2551 1044 2632 adjuncta
1068 2573 1141 2633 quae

11 2697 12 2704 1
115 2677 128 2711 1
152 2652 277 2714 lideliter
291 2650 412 2712 deducta
428 2662 471 2711 est
485 2670 518 2710 11
533 2649 676 2732 scriptura
691 2650 873 2722 authentica,
888 2652 976 2733 sigilli
992 2655 1141 2716 Pontificis

11 2797 12 2840 5
116 2780 129 2812 ι
152 2756 220 2836 Opt.
241 2756 313 2814 11111.
336 2750 427 2833 (quod
448 2751 509 2833 ipse
530 2751 608 2812 solus
631 2771 718 2833 penos
741 2751 875 2813 sehabet
897 2766 926 2814 et
946 2774 1031 2815 nemo
1051 2756 1140 2832 alius)

11 2883 12 2886 ¹
115 2880 129 2914 1
152 2854 323 2935 obsignata,
337 2872 424 2936 quam
436 2851 569 2913 alacriter
583 2864 611 2912 et
626 2852 754 2914 studiose
771 2873 867 2923 servo,
883 2874 928 2914 me
943 2853 1029 2916 rebus
1042 2855 1143 2917 multis

11 2987 12 3058 q
117 2983 129 3015 1
153 2956 313 3039 providisse
325 2977 331 3016 :
344 2968 372 3016 et
386 2968 466 3016 totus
480 2956 509 3015 in
523 2976 556 3016 eo
571 2975 635 3016 sum
650 2968 681 3016 ut
697 2956 789 3034 magis
804 2956 952 3038 magisque
966 2958 1141 3040 provideam.

11 3061 12 3090 l
116 3084 130 3118 a
153 3057 390 3140 Noctes'diesque
404 3057 439 3120 de
454 3057 526 3118 meis
538 3057 681 3119 sollicitus
694 3077 774 3130 sum,
787 3069 816 3120 ot
827 3059 856 3120 in
872 3079 957 3140 aegra
969 3059 1141 3134 ualetudine,

11 3187 12 3198 1
102 3185 130 3236 Ι1
152 3158 293 3243 quidquid
309 3159 448 3240 temporis
461 3158 639 3240 superfluum
654 3170 712 3232 est,
728 3159 820 3224 literis
834 3159 940 3222 tribuo.
960 3231 967 3248 ‚

155 3285 169 3318 n
192 3259 358 3322 Facultates
383 3259 627 3321 extraordinarias
648 3280 732 3340 quas,
761 3260 906 3332 atrides,
928 3262 1143 3324 communicare

116 3385 130 3419 1
153 3382 271 3444 possum
285 3361 332 3422 coi
348 3361 504 3443 prudenter
515 3361 608 3422 visum
626 3361 728 3432 luerit,
741 3363 794 3423 soli
807 3361 915 3424 vicario
927 3383 991 3423 meo
1001 3365 1142 3443 generali,

118 3487 130 3523 u
153 3462 263 3545 pastori
279 3461 308 3522 in
321 3461 445 3532 Gbierle‚
460 3481 631 3524 communes
646 3483 757 3524 mecum
774 3483 835 3526 esse
846 3463 910 3524 uolo
925 3463 1142 3544 impraesentia-

118 3587 131 3622 1
153 3585 233 3636 rum,
252 3575 339 3646 atque
356 3584 390 3626 eo
410 3563 551 3644 impedito
570 3575 621 3624 aut
637 3562 771 3636 absente,
790 3563 857 3634 11111,
878 3565 918 3626 mi
934 3568 1039 3627 Patrue
1053 3569 1080 3638 ³,
1101 3566 1142 3627 ita

148 3747 225 3798 ¹l'id.
247 3745 310 3797 inlra
329 3746 359 3796 ad
380 3747 412 3795 5⁰
426 3746 505 3808 junia·
527 3745 603 3812 1798,
623 3746 682 3813 quid
704 3746 816 3814 episcopo
836 3763 978 3814 responsum
997 3748 1042 3799 luit
1062 3748 1142 3815 quoad

113 3835 223 3896 jurares.

150 3920 159 3949 ¹
175 3919 258 3979 Quoad
266 3919 451 3981 jurameutum
462 3921 524 3970 odii.

150 4008 160 4037 ⁵
175 4009 212 4063 lta
225 4007 328 4062 latinum
341 4007 396 4060 lenit
408 4023 497 4061 nomen
509 4007 630 4059 secretarii
642 4007 678 4058 sui
692 4009 796 4059 Oomen.
