2978 4916
559 463 709 562 (aaa)

116 605 156 666 ab
171 603 287 665 abbatia
301 605 331 665 S.
347 601 470 670 Bauonis
480 602 686 666 Gandavensis.
699 599 833 665 Nescitur
844 617 902 686 quo
913 616 1045 685 temporo
1055 616 1148 692 erecta

117 705 178 767 tuit
200 704 246 766 uel
264 725 322 788 que
343 716 474 786 tempore
491 703 586 766 desiit.
605 708 646 776 Er
660 704 754 767 literis
769 703 882 766 abbatis
901 707 931 767 S.
946 704 1081 776 Batonis,
1101 703 1150 766 de-

117 806 239 889 scriptis
253 806 328 889 apud
346 808 387 866 Le
402 808 464 887 lloy
478 809 506 878 ¹,
527 806 563 868 de
576 806 623 868 die
637 811 676 870 ΙΙΙ
693 806 859 870 novembris
876 809 966 878 1525,
979 817 1058 889 patet
1070 805 1149 868 illam

118 907 269 970 abbatiam
285 906 392 970 ibidem
408 905 543 972 babuisse
557 927 677 990 parvum
689 908 834 991 quoddam
845 908 1006 970 dominium
1018 928 1085 971 cum
1099 906 1151 970 ali-

118 1009 229 1092 quibus
242 1009 377 1072 censibus
390 1019 420 1070 et
431 1006 601 1083 redditibus.
655 1071 656 1076 ,
872 1016 875 1022 ’

164 1108 340 1172 Parocbialis
360 1106 448 1190 hujus
468 1107 524 1170 loci
546 1108 666 1171 ecclesia
684 1111 713 1171 S.
730 1108 838 1172 Baroni
856 1128 936 1170 sacra
954 1120 1013 1180 est,
1033 1107 1152 1191 ejusque

17 1231 24 1246 ·
119 1222 293 1293 patronatus
303 1208 451 1292 spectabat
462 1209 589 1292 primum
598 1208 633 1270 ad
645 1209 778 1272 abbatem
790 1212 819 1273 S.
831 1209 995 1272 baronisac
1004 1208 1151 1272 deindead

120 1311 292 1395 episcopum
303 1311 530 1375 Gandavensem.

546 1495 587 1531 nn
606 1479 733 1532 Booaann

164 1624 284 1687 illorum
299 1626 403 1688 uniens
416 1625 453 1687 in
462 1624 585 1688 dioecesi
604 1629 666 1688 erat
677 1638 851 1698 conventus,
863 1626 949 1709 idque
963 1625 1149 1707 antverpiae,

118 1745 210 1810 quaro
226 1725 325 1788 urbem
347 1725 471 1806 ingressi
486 1738 556 1788 sunt
570 1746 617 1786 an.
636 1729 725 1789 tuas.
745 1727 878 1789 Texendo
892 1727 961 1790 olim
975 1727 1064 1789 vitam
1079 1726 1150 1788 tole-

122 1827 244 1900 rabant,
262 1847 296 1889 ae
317 1827 412 1910 primo
432 1826 521 1890 nullis
544 1827 631 1889 certis
654 1828 767 1910 legibus
787 1828 918 1891 adstricti
940 1829 1002 1891 solo
1023 1828 1151 1891 caritatis

121 1928 243 1991 vinculo
258 1949 310 2010 per
330 1948 424 1990 annos
437 1927 586 2010 sexaginta
601 1941 630 1990 et
644 1928 717 1990 duos
735 1930 959 2002 secontiurtere.
981 1929 1090 1991 Deinde
1104 1949 1150 1990 an.

125 2032 215 2101 aaut,
230 2028 346 2090 tertiam
364 2029 393 2090 S.
402 2028 551 2091 Francisci
567 2029 696 2110 regulam
710 2028 830 2111 professi
844 2041 873 2091 et
886 2032 1027 2092 Fratrum
1043 2033 1076 2090 de
1085 2049 1152 2109 poe·
1233 2035 1236 2042 '

122 2134 245 2190 nitentia
260 2148 366 2191 nomen
385 2129 480 2191 sortiti
494 2128 582 2191 variis
599 2150 615 2191 a
635 2128 808 2191 brabantiae
825 2130 947 2192 ducibus
963 2133 1073 2192 loanne
1086 2134 1109 2192 ΙΙ
1122 2144 1152 2192 et

123 2233 173 2304 ΙΙΙ,
189 2241 219 2292 et
234 2251 251 2292 a
272 2230 401 2292 romanis
416 2229 604 2312 pontificibus
616 2234 728 2293 loanne
740 2233 830 2304 ΙΙΧΙΙ,
850 2230 1035 2295 ClementeV
1052 2245 1082 2293 et
1097 2233 1152 2294 Ur-

124 2331 200 2394 bano
214 2334 238 2393 V
253 2331 462 2413 praerogativis
476 2331 575 2393 donati
590 2329 668 2392 sunt.

164 2436 274 2494 Locum
300 2431 488 2506 habitationi,
514 2432 611 2514 priore
633 2432 876 2507 commodiorem,
895 2453 973 2498 anno
998 2435 1076 2496 tato
1096 2431 1151 2495 sibi

123 2545 344 2614 compararunt,
362 2553 489 2616 eumque
503 2553 581 2595 anno
601 2537 679 2597 1455
698 2533 842 2596 industria
855 2554 907 2596 sua
928 2532 1151 2617 locupletarunt.

12 2639 13 2644 ’
123 2637 279 2716 Quumque
293 2633 323 2695 in
337 2654 401 2697 eam
416 2633 493 2696 diem
508 2633 630 2697 texendo
644 2634 735 2696 uitam
753 2635 862 2716 singuli
882 2635 1068 2708 tolerassent,
1085 2657 1152 2718 pru-

123 2734 205 2802 denti
220 2733 342 2797 consilio
356 2734 567 2797 monachorum
581 2733 821 2798 consuetudinem
842 2734 949 2797 imitati
963 2748 1046 2807 sunt,
1064 2747 1094 2797 et
1108 2756 1152 2798 re·

122 2835 194 2899 licta
207 2848 270 2898 arte
284 2836 408 2899 textrina
422 2835 492 2904 solis
505 2822 615 2898 divinis¹
628 2834 714 2898 rebus
726 2855 828 2898 vacare
843 2849 1010 2918 coeperunt.

164 2939 358 3014 Quandonarn
372 2937 509 3002 sacellum
529 2937 724 3013 obtinuerint,
739 2959 799 3000 non
817 2939 922 3022 liquot3
935 2959 1036 3018 verum
1051 2938 1153 3009 scribit

124 3043 164 3104 Le
178 3043 243 3122 Roy
260 3060 361 3102 eorum
382 3039 522 3124 templum
541 3052 741 3103 consecratum
756 3040 846 3102 fuisse
865 3039 912 3102 die
931 3045 968 3102 15
981 3039 1048 3123 julii
1065 3045 1151 3111 taut,

124 3139 284 3222 codemque
308 3160 387 3203 anno
408 3140 481 3222 ipsis
503 3158 555 3222 per
570 3139 729 3222 capitulum
744 3143 777 3202 B.
800 3141 906 3202 Mariae
923 3139 1066 3220 Virginis,
1089 3160 1153 3202 coe

124 3241 280 3307 motorium
301 3253 330 3302 et
354 3240 522 3304 facultatem
541 3241 691 3302 exercendi
716 3241 880 3303 functiones
900 3240 1037 3323 quasdam
1058 3260 1153 3302 sacra-

124 3341 267 3412 mentales
287 3362 455 3405 eoncessum
476 3342 565 3404 luisse
578 3354 691 3405 constat
706 3364 740 3404 ex
749 3343 841 3406 literis
854 3362 925 3425 quas
939 3341 1028 3404 reiert
1039 3343 1152 3405 Diercx-

123 3463 194 3507 sens
203 3445 227 3506 ³.

166 3550 252 3608 Anno
275 3547 352 3608 1568
373 3544 480 3607 PiusV
500 3543 607 3607 bullam
627 3543 722 3619 dedit,
740 3565 797 3627 qua
813 3547 929 3607 Fratres
945 3545 1023 3607 tertii
1042 3543 1153 3607 ordinis

123 3645 153 3708 S.
169 3642 316 3706 Francisci
330 3642 401 3714 dicti
414 3646 449 3706 de
462 3645 641 3708 Paenitentia
659 3643 782 3726 subjecit
796 3644 892 3706 ordini
908 3648 1042 3708 Fratrum
1060 3643 1153 3707 Mino-

158 3881 165 3909 ¹
186 3882 232 3948 Op.
245 3881 285 3933 cit.
297 3899 321 3948 p.
334 3883 390 3933 tot.

158 3967 500 4035 'Qmmfflfflffl
