3034 4908
789 463 940 560 (ers)

348 603 435 674 lentis
448 602 587 665 nimirum
601 601 742 664 bellorum
755 601 949 684 temporibus,
960 602 1096 664 sacellam
1110 613 1207 664 temen
1223 602 1278 665 boc
1291 603 1380 666 devo·

349 703 460 766 tissime
472 704 633 766 etiamnum
653 703 867 786 frequentatur,
883 715 912 766 et
931 703 972 766 uti
990 703 1075 776 olim,
1094 705 1134 766 ita
1152 725 1267 787 quoqne
1284 726 1380 777 nunc,

349 803 497 866 miraculis
514 817 662 877 coruscat,
676 816 763 886 prout
779 804 956 867 sufficienter
976 805 1107 866 indicant
1123 805 1237 868 votivae
1256 805 1381 868 tabellae

349 904 457 967 ibidem
479 903 736 985 pendulae,'ceren
760 904 894 978 donaria,
915 904 1020 968 fasciae
1043 905 1260 979 borniosorum,
1283 906 1380 968 fulcra

348 1005 519 1069 claudorum
537 1004 684 1068 suboleria
703 1017 733 1067 et
753 1004 935 1087 hujusmodi
953 1025 1034 1068 sacre
1052 1005 1245 1068 anathemata.
1264 1005 1380 1068 Solem·

349 1105 469 1168 nissima
480 1116 576 1168 autem
587 1104 623 1167 ab
633 1104 755 1188 antiquo
765 1105 813 1167 bic
823 1117 985 1187 perseverat
1000 1105 1219 1186 peregrinorum
1232 1105 1378 1179 visitatio,

347 1207 412 1288 ipso
427 1205 501 1268 festo
518 1209 588 1268 Ven.
602 1207 782 1268 Sacramenti
795 1203 842 1268 die
856 1205 973 1288 qnando
987 1205 1178 1288 undequaque
1192 1206 1239 1268 bio
1253 1227 1380 1268 concorr-

349 1306 439 1379 ritur,
461 1318 493 1370 ut
519 1307 625 1370 iterum
653 1307 752 1370 mirari
776 1307 847 1369 satis
871 1327 1010 1389 nequeam
1034 1326 1096 1369 rem
1119 1318 1178 1368 tarn
1203 1307 1379 1388 stupendam

349 1409 490 1472 hactenus
508 1408 619 1472 nullius
638 1408 749 1472 calamo
770 1407 960 1492 publicatam,
982 1408 1107 1472 maxime
1124 1428 1214 1491 quum
1233 1409 1272 1470 sit
1288 1409 1381 1472 veris·

348 1513 437 1584 sima,
458 1525 487 1576 et
507 1513 597 1575 totius
622 1514 731 1596 patriae
751 1531 894 1576 consensu
920 1511 1179 1594 episcoporumque
1204 1511 1381 1574 auctoritate

350 1612 517 1696 adprobata.
536 1615 609 1676 'l'ota
623 1633 690 1675 vcro
704 1613 774 1674 beec
788 1612 953 1676 historiale
969 1611 1074 1674 tabulis
1087 1611 1209 1676 diversis
1222 1611 1380 1674 artificiose

350 1713 435 1796 plane
456 1714 542 1797 pictis
560 1713 667 1778 ibidem
687 1714 834 1786 cernitur,
854 1726 884 1775 et
900 1712 1071 1795 rhythmicis
1085 1711 1216 1774 versibus
1233 1711 1381 1795 descripta

349 1817 470 1898 legitor,
484 1837 518 1878 ex
532 1815 638 1900 quibus
657 1816 727 1879 haee
741 1815 896 1898 desumpsi.
911 1815 968 1881 Ubi
982 1815 1069 1894 etiam
1082 1813 1207 1876 babetur
1219 1827 1291 1878 tunc
1305 1825 1381 1878 tem·

351 1917 430 2000 poris
444 1918 474 1980 io
490 1917 590 1980 Poerlo
608 1917 771 1980 dominium
786 1937 835 1980 seu
854 1915 1045 1999 toparchiam
1062 1914 1223 1979 obtinuisse
1236 1919 1380 1978 loannem

350 2037 405 2080 van
422 2017 543 2090 Vrisele,
559 2028 588 2080 et
602 2020 792 2098 Margaretarn
807 2036 863 2080 vae
876 2015 1028 2080 Habroeolr
1040 2015 1103 2098 ejus
1117 2015 1282 2098 conjugem.

392 2143 406 2178 i
431 2118 571 2183 Absolute
582 2119 625 2182 sic
638 2118 693 2180 boc
706 2118 801 2201 capite
815 2121 841 2189 ¹,
853 2117 1023 2179 transmissa
1038 2117 1110 2178 mibi
1123 2115 1241 2180 luerunt
1254 2115 1382 2180 authen·

351 2221 407 2283 tica
420 2231 607 2282 monumenta
625 2219 788 2302 praedictae
801 2218 888 2300 hujus
908 2217 1046 2300 capellae,
1064 2218 1169 2298 sigillis
1179 2217 1240 2282 suis
1251 2219 1379 2292 mnnita,

351 2347 384 2390 ex
400 2326 505 2408 quibus
518 2326 589 2388 haec
601 2324 750 2407 sequentia
766 2325 860 2386 visum
876 2323 933 2385 fuit
944 2323 1124 2386 subnectere.
1159 2330 1165 2340 '

394 2451 408 2483 e
432 2424 581 2488 Praefatus
595 2445 661 2487 mox
673 2429 797 2488 loannes
811 2424 979 2486 deVriesele
988 2424 1119 2487 oemdem
1132 2423 1271 2506 capellam
1282 2444 1299 2486 a
1311 2423 1381 2487 iun·

351 2526 495 2588 dementis
514 2525 611 2608 coepit
628 2538 771 2596 extruere
788 2525 839 2588 sed
859 2537 953 2587 morte
970 2545 1005 2588 eo
1022 2526 1235 2608 praeveniente,
1257 2525 1382 2608 perfecit

352 2639 415 2688 eam
429 2625 520 2710 ipsius
535 2625 612 2689 illins
625 2625 771 2689 Walterus
789 2625 825 2688 de
838 2625 979 2700 Vrieeele,
996 2624 1133 2688 domiuus
1147 2627 1216 2688 item
1231 2627 1267 2688 de
1278 2627 1382 2690 Poerle

351 2740 381 2790 et
392 2727 519 2808 armiger
532 2747 599 2789 curn
613 2745 703 2789 uxore
715 2745 766 2790 sua
782 2727 938 2799 Gertrnde,
952 2727 1002 2810 qni
1017 2726 1103 2789 aunbo
1118 2727 1148 2789 io
1163 2727 1260 2790 tabula
1270 2728 1381 2790 sommi

351 2827 451 2890 altaris
468 2825 610 2909 bodieque
626 2826 761 2889 visuntur
774 2827 812 2888 ¹:
832 2825 969 2908 deditque
989 2843 1051 2888 eam
1070 2840 1209 2910 perpetuo
1227 2828 1381 2910 possiden-

244 2967 245 2974 κ
352 2928 418 2990 dam
433 2947 501 2988 cum
517 2926 653 2988 omnibus
667 2926 728 2988 suis
744 2926 928 3008 pertinentiis
944 2921 1079 2990 ministro
1093 2940 1122 2990 et
1132 2927 1277 3009 religiosis
1288 2925 1382 2991 eccle·

352 3030 410 3091 siae
430 3028 543 3096 ordinis
558 3029 589 3089 S.
608 3027 762 3088 Trinitatis
781 3039 809 3088 et
824 3027 1031 3110 redemptionis
1048 3029 1229 3111 captivorum
1244 3029 1281 3090 de
1294 3029 1381 3092 Claro

351 3128 467 3191 Vivario
494 3147 583 3210 prope
611 3126 823 3190 llootlescotam
849 3127 1022 3190 Morioeusis
1044 3129 1205 3202 dioecesis;
1229 3129 1382 3214 voluitque

353 3243 386 3291 nt
406 3231 437 3292 in
460 3229 539 3291 dicta
562 3229 671 3310 capella
692 3227 852 3302 residerent
873 3227 930 3292 due
948 3229 994 3291 vel
1015 3241 1074 3292 tres
1090 3230 1219 3312 religiosi
1235 3230 1383 3313 praelatae

352 3331 490 3394 eeclesiae
505 3343 534 3394 et
546 3331 671 3403 ordinis,
689 3329 816 3413 quirem
831 3330 960 3393 divinam
980 3331 1089 3394 ibidem
1104 3345 1289 3416 peregerent,
1306 3333 1382 3398 citrt

384 3528 393 3558 ¹
411 3529 507 3583 Scilicet
517 3545 570 3596 cap.
579 3531 634 3596 Lll,
645 3529 686 3582 lib.
698 3531 721 3582 ll
733 3529 803 3584 Brab
815 3543 874 3580 suae
883 3529 1014 3582 Marianae.

384 3614 394 3642 ¹
411 3616 513 3676 Quando
525 3630 581 3682 nos,
596 3615 675 3681 lnquit
689 3618 720 3666 Le
733 3618 833 3682 Royop.
845 3615 885 3666 cit.
895 3631 919 3680 p.
928 3617 994 3682 505,
1007 3614 1154 3670 visitavimus
1170 3631 1236 3668 anno
1250 3617 1316 3668 tots
1328 3631 1383 3668 me·

350 3707 471 3751 moratum
489 3699 605 3752 sacellum
617 3704 647 3752 r'rr
659 3704 690 3752 de
703 3701 802 3766 Heppq
818 3716 868 3752 non
882 3701 986 3752 vidimus
1001 3701 1138 3753 walterum
1159 3703 1189 3753 de
1204 3702 1309 3754 Vriesele
1324 3719 1383 3754 curn

350 3800 426 3836 uxore
436 3801 479 3836 sua
491 3788 607 3838 Gertrude
619 3787 644 3838 in
657 3787 740 3848 tabula
752 3787 839 3838 summi
851 3786 946 3855 altaris,
958 3787 999 3837 sed
1015 3787 1136 3839 Jacobom
1144 3789 1175 3838 de
1187 3787 1284 3840 Brimeu
1295 3796 1321 3839 et
1332 3792 1383 3839 dn·

351 3885 407 3920 narn
419 3871 519 3922 landen
528 3869 627 3939 Werve‚
640 3873 704 3939 quod
714 3871 818 3925 indubiis
830 3871 893 3925 uotis
905 3879 1025 3926 testantur
1034 3873 1214 3942 insiguiajurta
1222 3890 1309 3926 eorum
1318 3875 1383 3927 ima·

352 3955 505 4023 gloesplcta.
1116 3977 1118 3984 ’
