2978 4916
108 606 213 672 terium
234 607 442 673 monachorum
462 609 573 672 ordinis
592 610 792 674 Cistereiensis
807 613 830 671 ¹.
849 612 982 672 Attamen
999 604 1137 680 amillio,

107 729 201 791 nequo
215 708 271 772 hoc
284 729 361 772 anno
375 710 519 773 aedificari
535 724 668 794 coeptum
683 723 742 783 est,
757 710 808 774 sed
823 713 852 774 in
869 711 931 773 vieo
952 711 1067 773 l'rrmde
1081 729 1139 770 uno

106 809 227 872 milliari
248 832 263 873 a
283 815 369 893 Lyra,
390 810 513 874 fundum
529 811 684 895 praebente
705 812 808 893 Egidio
824 812 972 883 Bertoldo,
994 809 1090 890 Egidii
1111 820 1141 872 et

106 913 279 978 Catbarinee
296 915 370 987 filio,
396 916 539 978 Berlariae
559 915 697 989 domino,
720 938 767 980 an.
787 919 865 978 1155
883 915 953 976 serie
969 912 1054 975 tertia
1074 923 1142 974 ante

107 1013 343 1078 Purifioationem
359 1019 391 1078 B.
406 1019 443 1078 ll.
458 1019 492 1078 V.
511 1033 544 1078 ea
559 1015 726 1078 conditione
740 1015 866 1098 adjecta,
888 1025 920 1078 nt
935 1033 994 1076 non
1008 1011 1140 1086 aliunde,

106 1134 193 1197 quam
215 1136 232 1178 e
253 1116 417 1179 Villariensi
439 1117 615 1178 monasterio
635 1128 794 1178 conventus
817 1116 865 1178 ille
885 1116 1082 1178 sumeretur¹.
1103 1115 1140 1174 Et

106 1229 186 1278 certe
202 1237 250 1279 an.
271 1220 349 1279 tant
371 1217 438 1280 inde
459 1217 495 1280 ad
515 1216 594 1280 buno
614 1217 710 1281 locum
732 1222 817 1300 Hugo
838 1217 950 1301 primus
970 1214 1058 1278 abbas
1073 1235 1139 1278 eum

106 1315 260 1382 duodecim
281 1319 432 1381 monacbis
452 1319 584 1390 aduenit;
605 1319 654 1382 sed
669 1319 716 1382 bio
730 1319 810 1382 brevi
829 1332 957 1402 tempore
972 1317 1141 1400 permensit.

106 1419 207 1492 Quum
222 1418 299 1481 enim
314 1439 391 1482 anno
410 1422 485 1482 rato
500 1419 662 1482 aGoswino
675 1419 754 1482 Beck
767 1419 859 1482 milite
873 1419 969 1482 dietus
982 1430 1142 1482 conuentus

105 1531 202 1582 totum
224 1519 341 1584 leodem
355 1525 388 1584 de
403 1525 553 1584 Hemirten
566 1523 653 1586 titulo
671 1523 828 1606 emptionis
842 1521 1054 1606 acquisivisset,
1072 1541 1140 1604 pro-

107 1618 196 1682 bante
211 1622 336 1684 llenrioo
349 1622 521 1686 Brabantiae
535 1623 619 1692 duee.
636 1624 743 1686 initum
759 1636 803 1686 est
816 1624 969 1686 eonsilium
984 1623 1041 1686 buo
1055 1622 1142 1684 abba·

105 1721 179 1784 tiam
191 1721 399 1795 transferendi,
413 1723 563 1798 omnibus,
576 1742 699 1808 quorum
711 1725 866 1798 intererat,
877 1723 1140 1798 consentientibus,

108 1824 239 1886 Waltero
251 1824 361 1887 scilieet
377 1826 526 1898 Bertoldo,
542 1827 638 1908 Egidii
652 1827 882 1909 consanguineo,
898 1847 945 1888 an.
968 1828 1045 1887 tata
1064 1828 1142 1888 Hen-

108 1924 162 1986 rici
174 1925 348 1988 Brabantiae
358 1926 441 1990 dunis
454 1939 483 1988 et
497 1928 657 1990 amicorum
671 1928 805 2010 precibus
818 1927 970 2000 inclinato,
986 1927 1049 2009 ipso
1064 1928 1142 1988 llen·

109 2027 169 2088 rioo
191 2045 243 2108 per
266 2047 297 2090 ee
320 2047 367 2089 en.
391 2030 469 2091 1115
492 2047 591 2090 mense
618 2009 804 2110 septembri,¹
820 2031 943 2108 Hugone
971 2038 1085 2109 pastore
1109 2029 1142 2087 in

108 2129 259 2191 Hernirenr
270 2129 370 2192 eodem
381 2148 468 2201 auno,
483 2128 554 2191 feria
565 2129 651 2192 tertia
664 2142 729 2211 post
741 2131 890 2192 lnoorooe't
901 2149 959 2198 me,
970 2147 1005 2190 ac
1016 2126 1141 2208 denique

108 2229 237 2293 Guiardo
251 2229 287 2292 de
306 2229 447 2292 Laudurm
464 2230 599 2312 episeopo
615 2229 813 2292 Cameracensi
827 2241 856 2290 et
875 2227 993 2290 Nioolao
1007 2228 1043 2290 de
1060 2231 1137 2290 Fon-

110 2330 186 2392 tanis
198 2327 328 2412 ejusdem
345 2349 511 2394 suecessora
524 2349 571 2392 an.
587 2333 661 2394 1151
684 2330 715 2392 in
733 2330 833 2412 vigilia
848 2330 999 2394 divisionis
1017 2334 1138 2412 Aposto-

84 2429 219 2516 slorum,
242 2430 273 2492 id
292 2440 336 2494 est
358 2433 397 2494 16
411 2429 488 2513 julii.
509 2433 587 2494 llaec
605 2441 707 2496 auteur
718 2431 817 2494 omnia
833 2442 970 2494 onustant
985 2451 1020 2494 ex
1033 2430 1142 2493 chartis

108 2533 293 2614 singulorum
307 2532 394 2596 editis
409 2544 470 2594 tum
490 2531 520 2593 in
542 2553 614 2595 nova
630 2552 750 2615 operum
766 2533 864 2594 Miraei
878 2531 1017 2604 editione,
1031 2543 1093 2593 turn
1108 2531 1140 2592 in

108 2635 307 2698 archidiaconi
325 2638 459 2718 Foppens
472 2633 593 2696 historia
607 2636 789 2716 episcopatus
803 2633 1030 2715 bntverpiensis.
1045 2636 1143 2714 ltaque

107 2756 156 2798 an.
176 2738 257 2800 1116
271 2755 304 2798 ex
314 2735 378 2798 uioo
394 2736 511 2800 Vreende
524 2734 659 2798 monaehi
671 2734 916 2817 transmigrarunt
925 2735 961 2798 ad
976 2737 1142 2806 Heuiaern,

109 2837 159 2900 ubi
172 2836 286 2900 celebre
299 2839 488 2920 undequaque
502 2837 708 2900 monasterium
723 2836 811 2900 uariis
825 2856 1012 2898 romanorum
1024 2836 1142 2918 pontili-

111 2959 194 3011 ourn,
215 2938 379 3021 principum
401 2959 435 3000 ac
458 2936 675 3000 benefactorum
699 2937 859 3019 privilegiis
879 2950 908 3000 et
934 2937 1139 3000 donationibus

7 3127 9 3136 Ι
108 3052 228 3104 anetum
245 3041 435 3123 perseverarit
449 3059 540 3124 usque
553 3039 588 3102 ad
604 3039 691 3102 finem
705 3040 812 3104 saeculi
826 3041 923 3102 xvttt.

150 3140 249 3204 abbas
264 3143 294 3204 S.
312 3141 451 3204 bernardi
466 3141 496 3204 in
515 3163 564 3204 sex
581 3142 729 3223 virginum
744 3141 872 3225 ejusdem
887 3140 998 3204 ordinis
1011 3139 1141 3203 abbatiae

109 3241 242 3306 dominio
259 3242 404 3324 gaudebat
424 3243 584 3326 spirituali;
603 3243 743 3306 nimirum
760 3243 790 3306 in
808 3247 841 3306 B.
858 3243 977 3304 Mariam
998 3240 1034 3304 de
1053 3241 1141 3303 Vinea

110 3343 248 3416 uranii,
261 3344 370 3406 Vallem
382 3343 616 3427 Rosarumjuuta
632 3343 814 3406 lleobliniam
830 3391 838 3416 ,
853 3347 885 3406 B.
900 3343 1019 3404 Mariam
1036 3342 1072 3405 de
1085 3345 1143 3405 lla·

111 3443 210 3508 zareth
224 3463 314 3527 prope
326 3449 445 3528 Lyram,
463 3445 643 3527 Swyviolram
655 3443 737 3527 juxta
752 3443 1016 3516 Teneramundam,
1032 3443 1141 3506 Vallem

111 3547 140 3608 S.
165 3544 305 3609 Bernardi
319 3563 409 3629 prope
427 3546 635 3620 Disthemium,
653 3559 682 3609 et
699 3545 889 3628 Sparmaliam
908 3545 1021 3626 Brugis.
1040 3547 1140 3608 Cetera

112 3646 149 3710 de
166 3645 298 3710 abbatiae
314 3646 382 3710 latis
396 3667 602 3731 prosequemur
618 3647 648 3710 in
663 3646 799 3710 abbatum
816 3646 953 3709 historiae
966 3647 1098 3710 decursu.

147 3863 157 3894 ¹
173 3866 228 3918 Vid.
238 3865 315 3920 llirrei
334 3867 404 3932 1)th.
418 3867 488 3933 Belq.
505 3873 522 3918 t.
532 3865 557 3934 1,
568 3881 592 3933 p.
601 3866 657 3918 ott.

148 3953 158 3985 ¹
175 3953 234 4008 lbid.
247 3955 299 4026 tl,
311 3971 334 4023 p.
349 3956 404 4008 115.
