<?xml version="1.0" encoding="UTF-8"?>
<!DOCTYPE html PUBLIC "-//W3C//DTD XHTML 1.0 Transitional//EN"
    "http://www.w3.org/TR/xhtml1/DTD/xhtml1-transitional.dtd">
<html xmlns="http://www.w3.org/1999/xhtml" xml:lang="en" lang="en">
 <head>
  <title>
</title>
<meta http-equiv="Content-Type" content="text/html;charset=utf-8" />
  <meta name='ocr-system' content='tesseract 3.04.00' />
  <meta name='ocr-capabilities' content='ocr_page ocr_carea ocr_par ocr_line ocrx_word'/>
</head>
<body>
  <div class='ocr_page' id='page_1' title='image "./synopsisactorum00ramgoog_0031.png"; bbox 0 0 3012 4912; ppageno 0'>
   <div class='ocr_carea' id='block_1_1' title="bbox 13 639 1152 3557">
    <p class='ocr_par' dir='ltr' id='par_1_1' title="bbox 13 639 1152 1708">
     <span class='ocr_line' id='line_1_1' title="bbox 164 639 1150 728; baseline 0.005 -23"><span class='ocrx_word' id='word_1_1' title='bbox 164 639 273 724; x_wconf 91' lang='lat' dir='ltr'>ltaque</span> <span class='ocrx_word' id='word_1_2' title='bbox 299 639 332 705; x_wconf 91' lang='lat' dir='ltr'>in</span> <span class='ocrx_word' id='word_1_3' title='bbox 361 658 442 706; x_wconf 87' lang='lat' dir='ltr'>nora</span> <span class='ocrx_word' id='word_1_4' title='bbox 465 639 602 706; x_wconf 89' lang='lat' dir='ltr'>dioecesi</span> <span class='ocrx_word' id='word_1_5' title='bbox 628 639 854 728; x_wconf 78' lang='lat' dir='ltr'>Antrerpienst</span> <span class='ocrx_word' id='word_1_6' title='bbox 881 651 985 708; x_wconf 90' lang='lat' dir='ltr'>vetera</span> <span class='ocrx_word' id='word_1_7' title='bbox 1013 641 1150 710; x_wconf 88' lang='lat' dir='ltr'>concilia</span> 
     </span>
     <span class='ocr_line' id='line_1_2' title="bbox 123 745 1152 836; baseline 0.007 -24"><span class='ocrx_word' id='word_1_8' title='bbox 123 745 283 814; x_wconf 87' lang='lat' dir='ltr'>decaualia</span> <span class='ocrx_word' id='word_1_9' title='bbox 303 761 335 816; x_wconf 88' lang='lat' dir='ltr'>et</span> <span class='ocrx_word' id='word_1_10' title='bbox 354 748 492 836; x_wconf 89' lang='lat' dir='ltr'>capitula</span> <span class='ocrx_word' id='word_1_11' title='bbox 516 748 653 827; x_wconf 92' lang='lat' dir='ltr'>ruralia,</span> <span class='ocrx_word' id='word_1_12' title='bbox 669 749 875 836; x_wconf 82' lang='lat' dir='ltr'>synodalibus</span> <span class='ocrx_word' id='word_1_13' title='bbox 890 749 1026 818; x_wconf 78' lang='lat' dir='ltr'><strong>decretis</strong></span> <span class='ocrx_word' id='word_1_14' title='bbox 1041 751 1152 818; x_wconf 87' lang='lat' dir='ltr'>Came·</span> 
     </span>
     <span class='ocr_line' id='line_1_3' title="bbox 121 855 1150 946; baseline 0.006 -26"><span class='ocrx_word' id='word_1_15' title='bbox 121 857 303 923; x_wconf 89' lang='lat' dir='ltr'>raceusibus</span> <span class='ocrx_word' id='word_1_16' title='bbox 326 877 382 924; x_wconf 89' lang='lat' dir='ltr'>seu</span> <span class='ocrx_word' id='word_1_17' title='bbox 407 855 627 943; x_wconf 87' lang='lat' dir='ltr'>Ultrajectinis</span> <span class='ocrx_word' id='word_1_18' title='bbox 650 868 682 923; x_wconf 92' lang='lat' dir='ltr'>et</span> <span class='ocrx_word' id='word_1_19' title='bbox 704 857 936 925; x_wconf 84' lang='lat' dir='ltr'>Leodiensibus</span> <span class='ocrx_word' id='word_1_20' title='bbox 958 859 1036 926; x_wconf 92' lang='lat' dir='ltr'>olim</span> <span class='ocrx_word' id='word_1_21' title='bbox 1059 879 1150 946; x_wconf 91' lang='lat' dir='ltr'>prae-</span> 
     </span>
     <span class='ocr_line' id='line_1_4' title="bbox 123 965 1150 1053; baseline 0.003 -21"><span class='ocrx_word' id='word_1_22' title='bbox 123 965 254 1052; x_wconf 88' lang='lat' dir='ltr'>scripta,</span> <span class='ocrx_word' id='word_1_23' title='bbox 271 967 331 1033; x_wconf 91' lang='lat' dir='ltr'>sub</span> <span class='ocrx_word' id='word_1_24' title='bbox 341 966 464 1034; x_wconf 88' lang='lat' dir='ltr'>Sounio</span> <span class='ocrx_word' id='word_1_25' title='bbox 479 965 603 1053; x_wconf 86' lang='lat' dir='ltr'>pridem</span> <span class='ocrx_word' id='word_1_26' title='bbox 615 986 651 1033; x_wconf 90' lang='lat' dir='ltr'>ac</span> <span class='ocrx_word' id='word_1_27' title='bbox 663 966 779 1035; x_wconf 88' lang='lat' dir='ltr'>deinde</span> <span class='ocrx_word' id='word_1_28' title='bbox 791 967 851 1034; x_wconf 94' lang='lat' dir='ltr'>sub</span> <span class='ocrx_word' id='word_1_29' title='bbox 863 967 1004 1035; x_wconf 87' lang='lat' dir='ltr'>Laevino</span> <span class='ocrx_word' id='word_1_30' title='bbox 1015 968 1150 1035; x_wconf 91' lang='lat' dir='ltr'>Torren-</span> 
     </span>
     <span class='ocr_line' id='line_1_5' title="bbox 123 1071 1149 1162; baseline 0.006 -24"><span class='ocrx_word' id='word_1_31' title='bbox 123 1073 164 1141; x_wconf 92' lang='lat' dir='ltr'>tio</span> <span class='ocrx_word' id='word_1_32' title='bbox 176 1074 354 1151; x_wconf 86' lang='lat' dir='ltr'>desierunt,</span> <span class='ocrx_word' id='word_1_33' title='bbox 369 1071 404 1140; x_wconf 84' lang='lat' dir='ltr'>irt</span> <span class='ocrx_word' id='word_1_34' title='bbox 414 1075 451 1142; x_wconf 93' lang='lat' dir='ltr'>ad</span> <span class='ocrx_word' id='word_1_35' title='bbox 469 1093 613 1142; x_wconf 89' lang='lat' dir='ltr'>normam</span> <span class='ocrx_word' id='word_1_36' title='bbox 627 1075 816 1162; x_wconf 89' lang='lat' dir='ltr'>discipliuae</span> <span class='ocrx_word' id='word_1_37' title='bbox 827 1075 1032 1144; x_wconf 80' lang='lat' dir='ltr'>Tridentinae</span> <span class='ocrx_word' id='word_1_38' title='bbox 1043 1077 1149 1144; x_wconf 90' lang='lat' dir='ltr'>locum</span> 
     </span>
     <span class='ocr_line' id='line_1_6' title="bbox 122 1182 1150 1272; baseline 0.004 -24"><span class='ocrx_word' id='word_1_39' title='bbox 122 1182 269 1251; x_wconf 86' lang='lat' dir='ltr'>cederent</span> <span class='ocrx_word' id='word_1_40' title='bbox 288 1183 419 1271; x_wconf 85' lang='lat' dir='ltr'>synodis</span> <span class='ocrx_word' id='word_1_41' title='bbox 445 1183 660 1263; x_wconf 84' lang='lat' dir='ltr'>dioecesanis,</span> <span class='ocrx_word' id='word_1_42' title='bbox 680 1204 815 1270; x_wconf 88' lang='lat' dir='ltr'>quarum</span> <span class='ocrx_word' id='word_1_43' title='bbox 842 1185 967 1252; x_wconf 89' lang='lat' dir='ltr'>decreta</span> <span class='ocrx_word' id='word_1_44' title='bbox 990 1184 1023 1251; x_wconf 93' lang='lat' dir='ltr'>in</span> <span class='ocrx_word' id='word_1_45' title='bbox 1045 1195 1150 1272; x_wconf 89' lang='lat' dir='ltr'>pasto·</span> 
     </span>
     <span class='ocr_line' id='line_1_7' title="bbox 13 1291 1149 1384; baseline 0.004 -29"><span class='ocrx_word' id='word_1_46' title='bbox 13 1373 14 1384; x_wconf 15' lang='lat'><em>*</em></span> <span class='ocrx_word' id='word_1_47' title='bbox 122 1310 188 1357; x_wconf 94' lang='lat' dir='ltr'>rum</span> <span class='ocrx_word' id='word_1_48' title='bbox 205 1291 356 1379; x_wconf 89' lang='lat' dir='ltr'>capitulis</span> <span class='ocrx_word' id='word_1_49' title='bbox 371 1313 389 1359; x_wconf 91' lang='lat' dir='ltr'>a</span> <span class='ocrx_word' id='word_1_50' title='bbox 405 1291 534 1360; x_wconf 88' lang='lat' dir='ltr'>decanis</span> <span class='ocrx_word' id='word_1_51' title='bbox 551 1291 744 1378; x_wconf 87' lang='lat' dir='ltr'>promulgari</span> <span class='ocrx_word' id='word_1_52' title='bbox 761 1292 917 1359; x_wconf 86' lang='lat' dir='ltr'>solebant.</span> <span class='ocrx_word' id='word_1_53' title='bbox 935 1293 1026 1373; x_wconf 89' lang='lat' dir='ltr'>Mox,</span> <span class='ocrx_word' id='word_1_54' title='bbox 1041 1293 1149 1361; x_wconf 90' lang='lat' dir='ltr'>habita</span> 
     </span>
     <span class='ocr_line' id='line_1_8' title="bbox 13 1400 1149 1489; baseline 0.004 -24"><span class='ocrx_word' id='word_1_55' title='bbox 13 1437 14 1442; x_wconf 19' lang='grc' dir='ltr'><strong>κ</strong></span> <span class='ocrx_word' id='word_1_56' title='bbox 123 1401 244 1468; x_wconf 88' lang='lat' dir='ltr'>ratione</span> <span class='ocrx_word' id='word_1_57' title='bbox 272 1411 474 1488; x_wconf 85' lang='lat' dir='ltr'>temporum,</span> <span class='ocrx_word' id='word_1_58' title='bbox 501 1400 849 1489; x_wconf 85' lang='lat' dir='ltr'>archipresbyterorum</span> <span class='ocrx_word' id='word_1_59' title='bbox 877 1421 933 1469; x_wconf 89' lang='lat' dir='ltr'>seu</span> <span class='ocrx_word' id='word_1_60' title='bbox 954 1401 1149 1470; x_wconf 87' lang='lat' dir='ltr'>decanorum</span> 
     </span>
     <span class='ocr_line' id='line_1_9' title="bbox 123 1508 1148 1598; baseline 0.002 -24"><span class='ocrx_word' id='word_1_61' title='bbox 123 1510 276 1577; x_wconf 89' lang='lat' dir='ltr'>ruralium</span> <span class='ocrx_word' id='word_1_62' title='bbox 293 1510 557 1598; x_wconf 72' lang='lat' dir='ltr'>congregationes</span> <span class='ocrx_word' id='word_1_63' title='bbox 567 1509 762 1596; x_wconf 90' lang='lat' dir='ltr'>synodorum</span> <span class='ocrx_word' id='word_1_64' title='bbox 774 1508 1034 1580; x_wconf 85' lang='lat' dir='ltr'>dioecesanarum</span> <span class='ocrx_word' id='word_1_65' title='bbox 1047 1509 1148 1577; x_wconf 87' lang='lat' dir='ltr'>vicem</span> 
     </span>
     <span class='ocr_line' id='line_1_10' title="bbox 123 1620 498 1708; baseline 0.003 -23"><span class='ocrx_word' id='word_1_66' title='bbox 123 1621 269 1707; x_wconf 89' lang='lat' dir='ltr'>supplere</span> <span class='ocrx_word' id='word_1_67' title='bbox 284 1633 459 1708; x_wconf 88' lang='lat' dir='ltr'>coeperunt</span> <span class='ocrx_word' id='word_1_68' title='bbox 475 1620 498 1686; x_wconf 91' lang='lat'>¹.</span> 
     </span>
    </p>

    <p class='ocr_par' dir='ltr' id='par_1_2' title="bbox 121 1727 1150 2034">
     <span class='ocr_line' id='line_1_11' title="bbox 164 1727 1150 1818; baseline -0.002 -22"><span class='ocrx_word' id='word_1_69' title='bbox 164 1729 274 1797; x_wconf 84' lang='lat' dir='ltr'>Talem</span> <span class='ocrx_word' id='word_1_70' title='bbox 297 1729 578 1818; x_wconf 82' lang='lat' dir='ltr'>congregationem</span> <span class='ocrx_word' id='word_1_71' title='bbox 595 1729 786 1818; x_wconf 82' lang='lat' dir='ltr'>Autuerpiae</span> <span class='ocrx_word' id='word_1_72' title='bbox 806 1727 949 1796; x_wconf 83' lang='lat' dir='ltr'>babilam</span> <span class='ocrx_word' id='word_1_73' title='bbox 972 1727 1067 1796; x_wconf 89' lang='lat' dir='ltr'>luisse</span> <span class='ocrx_word' id='word_1_74' title='bbox 1090 1729 1150 1795; x_wconf 92' lang='lat' dir='ltr'>sub</span> 
     </span>
     <span class='ocr_line' id='line_1_12' title="bbox 123 1836 1149 1928; baseline -0.002 -21"><span class='ocrx_word' id='word_1_75' title='bbox 123 1839 215 1908; x_wconf 87' lang='lat' dir='ltr'>tertio</span> <span class='ocrx_word' id='word_1_76' title='bbox 235 1841 386 1928; x_wconf 90' lang='lat' dir='ltr'>episcopo</span> <span class='ocrx_word' id='word_1_77' title='bbox 402 1839 575 1912; x_wconf 86' lang='lat' dir='ltr'>Guilielmo</span> <span class='ocrx_word' id='word_1_78' title='bbox 594 1838 634 1906; x_wconf 87' lang='lat' dir='ltr'>de</span> <span class='ocrx_word' id='word_1_79' title='bbox 653 1837 806 1925; x_wconf 82' lang='lat' dir='ltr'>berghes,</span> <span class='ocrx_word' id='word_1_80' title='bbox 825 1836 879 1924; x_wconf 94' lang='lat' dir='ltr'>qui</span> <span class='ocrx_word' id='word_1_81' title='bbox 899 1837 1082 1905; x_wconf 85' lang='lat' dir='ltr'>cathedram</span> <span class='ocrx_word' id='word_1_82' title='bbox 1105 1848 1149 1906; x_wconf 91' lang='lat' dir='ltr'>te·</span> 
     </span>
     <span class='ocr_line' id='line_1_13' title="bbox 121 1945 998 2034; baseline -0.005 -17"><span class='ocrx_word' id='word_1_83' title='bbox 121 1950 190 2018; x_wconf 90' lang='lat' dir='ltr'>nuit</span> <span class='ocrx_word' id='word_1_84' title='bbox 205 1950 247 2017; x_wconf 93' lang='lat' dir='ltr'>ab</span> <span class='ocrx_word' id='word_1_85' title='bbox 263 1969 349 2017; x_wconf 87' lang='lat' dir='ltr'>anuo</span> <span class='ocrx_word' id='word_1_86' title='bbox 367 1951 452 2017; x_wconf 84' lang='grc'><strong>1597</strong></span> <span class='ocrx_word' id='word_1_87' title='bbox 469 1948 508 2015; x_wconf 93' lang='lat' dir='ltr'>ad</span> <span class='ocrx_word' id='word_1_88' title='bbox 525 1967 646 2015; x_wconf 90' lang='lat' dir='ltr'>anuum</span> <span class='ocrx_word' id='word_1_89' title='bbox 664 1949 763 2024; x_wconf 87' lang='grc'><strong>1601,</strong></span> <span class='ocrx_word' id='word_1_90' title='bbox 779 1966 846 2013; x_wconf 92' lang='lat' dir='ltr'>non</span> <span class='ocrx_word' id='word_1_91' title='bbox 863 1945 998 2034; x_wconf 86' lang='lat' dir='ltr'>reperio.</span> 
     </span>
    </p>

    <p class='ocr_par' dir='ltr' id='par_1_3' title="bbox 38 2053 1149 3105">
     <span class='ocr_line' id='line_1_14' title="bbox 162 2053 1149 2144; baseline -0.003 -20"><span class='ocrx_word' id='word_1_92' title='bbox 162 2057 307 2140; x_wconf 83' lang='lat' dir='ltr'>Quartus</span> <span class='ocrx_word' id='word_1_93' title='bbox 322 2076 395 2124; x_wconf 85' lang='lat' dir='ltr'>vero</span> <span class='ocrx_word' id='word_1_94' title='bbox 416 2055 560 2144; x_wconf 84' lang='lat' dir='ltr'>praesul,</span> <span class='ocrx_word' id='word_1_95' title='bbox 579 2055 720 2122; x_wconf 90' lang='lat' dir='ltr'>Joannes</span> <span class='ocrx_word' id='word_1_96' title='bbox 741 2054 894 2131; x_wconf 89' lang='lat' dir='ltr'>lliraeus,</span> <span class='ocrx_word' id='word_1_97' title='bbox 917 2053 950 2119; x_wconf 94' lang='lat' dir='ltr'>iu</span> <span class='ocrx_word' id='word_1_98' title='bbox 975 2054 1071 2121; x_wconf 90' lang='lat' dir='ltr'>citata</span> <span class='ocrx_word' id='word_1_99' title='bbox 1094 2055 1149 2121; x_wconf 93' lang='lat' dir='ltr'>illa</span> 
     </span>
     <span class='ocr_line' id='line_1_15' title="bbox 121 2147 1149 2250; baseline -0.003 -16"><span class='ocrx_word' id='word_1_100' title='bbox 121 2167 265 2234; x_wconf 88' lang='lat' dir='ltr'>oratione</span> <span class='ocrx_word' id='word_1_101' title='bbox 280 2185 367 2235; x_wconf 87' lang='lat' dir='ltr'>auno</span> <span class='ocrx_word' id='word_1_102' title='bbox 384 2167 471 2232; x_wconf 89' lang='grc'><strong>1610</strong></span> <span class='ocrx_word' id='word_1_103' title='bbox 488 2163 614 2243; x_wconf 88' lang='lat' dir='ltr'>habita,</span> <span class='ocrx_word' id='word_1_104' title='bbox 629 2147 749 2242; x_wconf 88' lang='lat' dir='ltr'>aiebat,</span> <span class='ocrx_word' id='word_1_105' title='bbox 765 2161 936 2230; x_wconf 88' lang='lat' dir='ltr'>dioecesim</span> <span class='ocrx_word' id='word_1_106' title='bbox 952 2183 1042 2230; x_wconf 87' lang='lat' dir='ltr'>suam</span> <span class='ocrx_word' id='word_1_107' title='bbox 1060 2164 1149 2250; x_wconf 90' lang='lat' dir='ltr'>quie-</span> 
     </span>
     <span class='ocr_line' id='line_1_16' title="bbox 121 2271 1148 2361; baseline -0.001 -20"><span class='ocrx_word' id='word_1_108' title='bbox 121 2286 180 2343; x_wconf 93' lang='lat' dir='ltr'>tem</span> <span class='ocrx_word' id='word_1_109' title='bbox 197 2275 339 2360; x_wconf 86' lang='lat' dir='ltr'>aliquam</span> <span class='ocrx_word' id='word_1_110' title='bbox 353 2273 509 2361; x_wconf 87' lang='lat' dir='ltr'>respirare</span> <span class='ocrx_word' id='word_1_111' title='bbox 523 2271 680 2358; x_wconf 90' lang='lat' dir='ltr'>coepisse,</span> <span class='ocrx_word' id='word_1_112' title='bbox 693 2291 790 2357; x_wconf 88' lang='lat' dir='ltr'>seque</span> <span class='ocrx_word' id='word_1_113' title='bbox 803 2281 835 2338; x_wconf 91' lang='lat' dir='ltr'>et</span> <span class='ocrx_word' id='word_1_114' title='bbox 849 2271 970 2338; x_wconf 88' lang='lat' dir='ltr'>clerum</span> <span class='ocrx_word' id='word_1_115' title='bbox 987 2291 1004 2337; x_wconf 97' lang='lat' dir='ltr'>a</span> <span class='ocrx_word' id='word_1_116' title='bbox 1019 2272 1148 2358; x_wconf 86' lang='lat' dir='ltr'>nuperis</span> 
     </span>
     <span class='ocr_line' id='line_1_17' title="bbox 122 2379 1149 2469; baseline -0.002 -19"><span class='ocrx_word' id='word_1_117' title='bbox 122 2383 259 2452; x_wconf 90' lang='lat' dir='ltr'>induciis</span> <span class='ocrx_word' id='word_1_118' title='bbox 275 2383 424 2450; x_wconf 86' lang='lat' dir='ltr'>solatium</span> <span class='ocrx_word' id='word_1_119' title='bbox 438 2382 567 2468; x_wconf 82' lang='lat' dir='ltr'>aliquod</span> <span class='ocrx_word' id='word_1_120' title='bbox 581 2381 782 2468; x_wconf 89' lang='lat' dir='ltr'>impetrasse,</span> <span class='ocrx_word' id='word_1_121' title='bbox 795 2391 827 2446; x_wconf 89' lang='lat' dir='ltr'>et</span> <span class='ocrx_word' id='word_1_122' title='bbox 840 2379 873 2446; x_wconf 95' lang='lat' dir='ltr'>in</span> <span class='ocrx_word' id='word_1_123' title='bbox 886 2380 1042 2448; x_wconf 89' lang='lat' dir='ltr'>finitimos</span> <span class='ocrx_word' id='word_1_124' title='bbox 1055 2401 1149 2469; x_wconf 87' lang='lat' dir='ltr'>agros</span> 
     </span>
     <span class='ocr_line' id='line_1_18' title="bbox 38 2488 1148 2580; baseline -0.003 -20"><span class='ocrx_word' id='word_1_125' title='bbox 38 2493 41 2498; x_wconf 78' lang='grc'><em>“</em></span> <span class='ocrx_word' id='word_1_126' title='bbox 121 2503 224 2580; x_wconf 85' lang='lat' dir='ltr'>patere</span> <span class='ocrx_word' id='word_1_127' title='bbox 235 2490 573 2579; x_wconf 85' lang='lat' dir='ltr'>liberosegressus,ita</span> <span class='ocrx_word' id='word_1_128' title='bbox 586 2490 745 2576; x_wconf 87' lang='lat' dir='ltr'>utipseac</span> <span class='ocrx_word' id='word_1_129' title='bbox 757 2488 869 2556; x_wconf 89' lang='lat' dir='ltr'>decani</span> <span class='ocrx_word' id='word_1_130' title='bbox 884 2489 1089 2556; x_wconf 89' lang='lat' dir='ltr'>ecclesiarum</span> <span class='ocrx_word' id='word_1_131' title='bbox 1102 2492 1148 2557; x_wconf 84' lang='lat' dir='ltr'>ri·</span> 
     </span>
     <span class='ocr_line' id='line_1_19' title="bbox 119 2598 1147 2689; baseline -0.002 -19"><span class='ocrx_word' id='word_1_132' title='bbox 119 2602 261 2671; x_wconf 85' lang='lat' dir='ltr'>sitationi</span> <span class='ocrx_word' id='word_1_133' title='bbox 275 2601 441 2670; x_wconf 87' lang='lat' dir='ltr'>intendere</span> <span class='ocrx_word' id='word_1_134' title='bbox 456 2599 630 2689; x_wconf 85' lang='lat' dir='ltr'>potuerint.</span> <span class='ocrx_word' id='word_1_135' title='bbox 645 2600 735 2666; x_wconf 91' lang='lat' dir='ltr'>Tunc</span> <span class='ocrx_word' id='word_1_136' title='bbox 751 2598 846 2665; x_wconf 89' lang='lat' dir='ltr'>etiam</span> <span class='ocrx_word' id='word_1_137' title='bbox 861 2598 950 2665; x_wconf 90' lang='lat' dir='ltr'>locus</span> <span class='ocrx_word' id='word_1_138' title='bbox 960 2618 1029 2665; x_wconf 86' lang='lat' dir='ltr'>csso</span> <span class='ocrx_word' id='word_1_139' title='bbox 1042 2600 1147 2686; x_wconf 90' lang='lat' dir='ltr'>potuit</span> 
     </span>
     <span class='ocr_line' id='line_1_20' title="bbox 121 2707 1146 2798; baseline -0.001 -22"><span class='ocrx_word' id='word_1_140' title='bbox 121 2710 301 2779; x_wconf 90' lang='lat' dir='ltr'>istiusmodi</span> <span class='ocrx_word' id='word_1_141' title='bbox 324 2708 644 2798; x_wconf 82' lang='lat' dir='ltr'>congregationibus,</span> <span class='ocrx_word' id='word_1_142' title='bbox 661 2726 757 2794; x_wconf 87' lang='lat' dir='ltr'>quae,</span> <span class='ocrx_word' id='word_1_143' title='bbox 776 2718 811 2773; x_wconf 92' lang='lat' dir='ltr'>ut</span> <span class='ocrx_word' id='word_1_144' title='bbox 831 2707 979 2794; x_wconf 88' lang='lat' dir='ltr'>equidem</span> <span class='ocrx_word' id='word_1_145' title='bbox 995 2707 1146 2789; x_wconf 88' lang='lat' dir='ltr'>arbitror,</span> 
     </span>
     <span class='ocr_line' id='line_1_21' title="bbox 121 2814 1148 2903; baseline -0.003 -15"><span class='ocrx_word' id='word_1_146' title='bbox 121 2820 178 2888; x_wconf 93' lang='lat' dir='ltr'>sub</span> <span class='ocrx_word' id='word_1_147' title='bbox 200 2820 326 2888; x_wconf 85' lang='lat' dir='ltr'>louune</span> <span class='ocrx_word' id='word_1_148' title='bbox 345 2818 464 2886; x_wconf 89' lang='lat' dir='ltr'>Miraeo</span> <span class='ocrx_word' id='word_1_149' title='bbox 482 2816 672 2903; x_wconf 82' lang='lat' dir='ltr'>Antrerpiae</span> <span class='ocrx_word' id='word_1_150' title='bbox 696 2814 883 2902; x_wconf 89' lang='lat' dir='ltr'>regulariter</span> <span class='ocrx_word' id='word_1_151' title='bbox 902 2814 1056 2882; x_wconf 89' lang='lat' dir='ltr'>celebrari</span> <span class='ocrx_word' id='word_1_152' title='bbox 1077 2835 1148 2885; x_wconf 89' lang='lat' dir='ltr'>coe·</span> 
     </span>
     <span class='ocr_line' id='line_1_22' title="bbox 123 2922 1148 3016; baseline -0.004 -20"><span class='ocrx_word' id='word_1_153' title='bbox 123 2939 253 3016; x_wconf 84' lang='lat' dir='ltr'>parunt,</span> <span class='ocrx_word' id='word_1_154' title='bbox 270 2927 410 2995; x_wconf 79' lang='lat' dir='ltr'>maxime</span> <span class='ocrx_word' id='word_1_155' title='bbox 424 2945 523 3013; x_wconf 94' lang='lat' dir='ltr'>quum</span> <span class='ocrx_word' id='word_1_156' title='bbox 537 2924 604 3013; x_wconf 75' lang='lat' dir='ltr'>Jam</span> <span class='ocrx_word' id='word_1_157' title='bbox 619 2933 755 3012; x_wconf 84' lang='lat' dir='ltr'>exeunte</span> <span class='ocrx_word' id='word_1_158' title='bbox 776 2923 904 2990; x_wconf 88' lang='lat' dir='ltr'>saeculo</span> <span class='ocrx_word' id='word_1_159' title='bbox 920 2922 1148 2992; x_wconf 83' lang='lat' dir='ltr'>decimosexto</span> 
     </span>
     <span class='ocr_line' id='line_1_23' title="bbox 123 3029 958 3105; baseline -0.006 -3"><span class='ocrx_word' id='word_1_160' title='bbox 123 3037 152 3103; x_wconf 91' lang='lat' dir='ltr'>iu</span> <span class='ocrx_word' id='word_1_161' title='bbox 169 3035 398 3105; x_wconf 87' lang='lat' dir='ltr'>archidioccesi</span> <span class='ocrx_word' id='word_1_162' title='bbox 415 3031 638 3102; x_wconf 87' lang='lat' dir='ltr'>Mccblinieusi</span> <span class='ocrx_word' id='word_1_163' title='bbox 655 3030 783 3098; x_wconf 89' lang='lat' dir='ltr'>habitae</span> <span class='ocrx_word' id='word_1_164' title='bbox 798 3029 917 3101; x_wconf 78' lang='lat' dir='ltr'>iruerint</span> <span class='ocrx_word' id='word_1_165' title='bbox 933 3029 958 3097; x_wconf 73' lang='lat'>².</span> 
     </span>
    </p>

    <p class='ocr_par' dir='ltr' id='par_1_4' title="bbox 114 3129 1151 3557">
     <span class='ocr_line' id='line_1_24' title="bbox 114 3129 1150 3228; baseline -0.005 -16"><span class='ocrx_word' id='word_1_166' title='bbox 114 3217 117 3223; x_wconf 67' lang='grc'><em>,</em></span> <span class='ocrx_word' id='word_1_167' title='bbox 161 3145 243 3212; x_wconf 87' lang='lat' dir='ltr'>Rem</span> <span class='ocrx_word' id='word_1_168' title='bbox 259 3143 337 3212; x_wconf 90' lang='lat' dir='ltr'>adeo</span> <span class='ocrx_word' id='word_1_169' title='bbox 354 3142 465 3210; x_wconf 89' lang='lat' dir='ltr'>utilem</span> <span class='ocrx_word' id='word_1_170' title='bbox 481 3141 662 3209; x_wconf 90' lang='lat' dir='ltr'>dioeceseos</span> <span class='ocrx_word' id='word_1_171' title='bbox 675 3137 824 3227; x_wconf 89' lang='lat' dir='ltr'>regimini</span> <span class='ocrx_word' id='word_1_172' title='bbox 841 3129 1150 3228; x_wconf 78' lang='lat' dir='ltr'>maxime&#39;promovtt</span> 
     </span>
     <span class='ocr_line' id='line_1_25' title="bbox 124 3247 1150 3338; baseline -0.004 -17"><span class='ocrx_word' id='word_1_173' title='bbox 124 3255 264 3322; x_wconf 89' lang='lat' dir='ltr'>loannes</span> <span class='ocrx_word' id='word_1_174' title='bbox 290 3251 468 3331; x_wconf 89' lang='lat' dir='ltr'>Malderus,</span> <span class='ocrx_word' id='word_1_175' title='bbox 496 3251 627 3338; x_wconf 90' lang='lat' dir='ltr'>quintus</span> <span class='ocrx_word' id='word_1_176' title='bbox 653 3247 934 3335; x_wconf 84' lang='lat' dir='ltr'>Autuerpiensium</span> <span class='ocrx_word' id='word_1_177' title='bbox 960 3248 1150 3337; x_wconf 87' lang='lat' dir='ltr'>episcopus,</span> 
     </span>
     <span class='ocr_line' id='line_1_26' title="bbox 124 3357 1151 3436; baseline -0.001 -7"><span class='ocrx_word' id='word_1_178' title='bbox 124 3363 204 3431; x_wconf 88' lang='lat' dir='ltr'>edita</span> <span class='ocrx_word' id='word_1_179' title='bbox 217 3364 427 3430; x_wconf 79' lang='lat' dir='ltr'>Instructiooc</span> <span class='ocrx_word' id='word_1_180' title='bbox 441 3364 647 3436; x_wconf 84' lang='lat' dir='ltr'>decanorum,</span> <span class='ocrx_word' id='word_1_181' title='bbox 662 3377 720 3426; x_wconf 91' lang='lat' dir='ltr'>suo</span> <span class='ocrx_word' id='word_1_182' title='bbox 733 3357 805 3424; x_wconf 91' lang='lat' dir='ltr'>loco</span> <span class='ocrx_word' id='word_1_183' title='bbox 818 3357 1000 3426; x_wconf 89' lang='lat' dir='ltr'>collectioni</span> <span class='ocrx_word' id='word_1_184' title='bbox 1022 3370 1151 3428; x_wconf 89' lang='lat' dir='ltr'>nostrae</span> 
     </span>
     <span class='ocr_line' id='line_1_27' title="bbox 125 3468 1148 3557; baseline -0.001 -20"><span class='ocrx_word' id='word_1_185' title='bbox 125 3471 309 3552; x_wconf 85' lang='lat' dir='ltr'>inserenda,</span> <span class='ocrx_word' id='word_1_186' title='bbox 333 3491 427 3557; x_wconf 91' lang='lat' dir='ltr'>quam</span> <span class='ocrx_word' id='word_1_187' title='bbox 450 3470 483 3536; x_wconf 92' lang='lat' dir='ltr'>in</span> <span class='ocrx_word' id='word_1_188' title='bbox 507 3468 617 3537; x_wconf 89' lang='lat' dir='ltr'>multis</span> <span class='ocrx_word' id='word_1_189' title='bbox 638 3480 764 3535; x_wconf 89' lang='lat' dir='ltr'>secutus</span> <span class='ocrx_word' id='word_1_190' title='bbox 784 3478 832 3534; x_wconf 90' lang='lat' dir='ltr'>est</span> <span class='ocrx_word' id='word_1_191' title='bbox 851 3468 990 3536; x_wconf 87' lang='lat' dir='ltr'>lacobus</span> <span class='ocrx_word' id='word_1_192' title='bbox 1008 3468 1148 3536; x_wconf 87' lang='lat' dir='ltr'>Tlromas</span> 
     </span>
    </p>
   </div>
   <div class='ocr_carea' id='block_1_2' title="bbox 123 3687 1148 4107">
    <p class='ocr_par' dir='ltr' id='par_1_5' title="bbox 156 3687 510 3752">
     <span class='ocr_line' id='line_1_28' title="bbox 156 3687 510 3752; baseline -0.008 -14"><span class='ocrx_word' id='word_1_193' title='bbox 156 3687 163 3714; x_wconf 91' lang='lat'>¹</span> <span class='ocrx_word' id='word_1_194' title='bbox 181 3689 234 3738; x_wconf 90' lang='lat' dir='ltr'>Vid.</span> <span class='ocrx_word' id='word_1_195' title='bbox 247 3702 287 3752; x_wconf 93' lang='lat' dir='ltr'>op.</span> <span class='ocrx_word' id='word_1_196' title='bbox 300 3687 339 3736; x_wconf 89' lang='lat' dir='ltr'>cit.</span> <span class='ocrx_word' id='word_1_197' title='bbox 353 3694 370 3737; x_wconf 88' lang='lat' dir='ltr'>t.</span> <span class='ocrx_word' id='word_1_198' title='bbox 385 3687 406 3736; x_wconf 96' lang='lat' dir='ltr'>ll</span> <span class='ocrx_word' id='word_1_199' title='bbox 419 3702 442 3750; x_wconf 91' lang='lat' dir='ltr'>p.</span> <span class='ocrx_word' id='word_1_200' title='bbox 453 3687 510 3736; x_wconf 74' lang='lat' dir='ltr'>abt.</span> 
     </span>
    </p>

    <p class='ocr_par' dir='ltr' id='par_1_6' title="bbox 123 3767 1148 4107">
     <span class='ocr_line' id='line_1_29' title="bbox 154 3767 1148 3838; baseline -0.006 -14"><span class='ocrx_word' id='word_1_201' title='bbox 154 3775 237 3824; x_wconf 83' lang='lat' dir='ltr'>’lam</span> <span class='ocrx_word' id='word_1_202' title='bbox 259 3787 325 3822; x_wconf 87' lang='lat' dir='ltr'>anuo</span> <span class='ocrx_word' id='word_1_203' title='bbox 345 3772 410 3821; x_wconf 84' lang='grc'><strong>1569</strong></span> <span class='ocrx_word' id='word_1_204' title='bbox 431 3772 610 3838; x_wconf 78' lang='lat' dir='ltr'>congregatio,</span> <span class='ocrx_word' id='word_1_205' title='bbox 635 3786 676 3820; x_wconf 85' lang='lat' dir='ltr'>seu</span> <span class='ocrx_word' id='word_1_206' title='bbox 700 3769 845 3834; x_wconf 72' lang='lat' dir='ltr'>capitulum</span> <span class='ocrx_word' id='word_1_207' title='bbox 864 3769 972 3834; x_wconf 84' lang='lat' dir='ltr'>rurale,</span> <span class='ocrx_word' id='word_1_208' title='bbox 998 3767 1080 3819; x_wconf 82' lang='lat' dir='ltr'>babila</span> <span class='ocrx_word' id='word_1_209' title='bbox 1104 3769 1148 3819; x_wconf 91' lang='lat' dir='ltr'>luit</span> 
     </span>
     <span class='ocr_line' id='line_1_30' title="bbox 124 3851 1148 3921; baseline -0.004 -14"><span class='ocrx_word' id='word_1_210' title='bbox 124 3856 309 3920; x_wconf 85' lang='lat' dir='ltr'>praesidentibus</span> <span class='ocrx_word' id='word_1_211' title='bbox 321 3856 474 3907; x_wconf 82' lang='lat' dir='ltr'>Grenvellani</span> <span class='ocrx_word' id='word_1_212' title='bbox 488 3855 615 3921; x_wconf 78' lang='lat' dir='ltr'>delegetis,</span> <span class='ocrx_word' id='word_1_213' title='bbox 627 3853 763 3906; x_wconf 87' lang='lat' dir='ltr'>Morillonio</span> <span class='ocrx_word' id='word_1_214' title='bbox 780 3860 805 3902; x_wconf 86' lang='lat' dir='ltr'>et</span> <span class='ocrx_word' id='word_1_215' title='bbox 821 3851 915 3904; x_wconf 86' lang='lat' dir='ltr'>ldetzio.</span> <span class='ocrx_word' id='word_1_216' title='bbox 930 3856 997 3903; x_wconf 79' lang='lat' dir='ltr'>luno</span> <span class='ocrx_word' id='word_1_217' title='bbox 1011 3851 1074 3902; x_wconf 87' lang='grc'><strong>1598</strong></span> <span class='ocrx_word' id='word_1_218' title='bbox 1085 3855 1148 3903; x_wconf 83' lang='lat' dir='ltr'>Mat-</span> 
     </span>
     <span class='ocr_line' id='line_1_31' title="bbox 123 3938 1148 4010; baseline -0.006 -17"><span class='ocrx_word' id='word_1_219' title='bbox 123 3945 178 3996; x_wconf 84' lang='lat' dir='ltr'>thias</span> <span class='ocrx_word' id='word_1_220' title='bbox 191 3945 281 3996; x_wconf 89' lang='lat' dir='ltr'>llovius</span> <span class='ocrx_word' id='word_1_221' title='bbox 293 3961 321 3994; x_wconf 83' lang='lat' dir='ltr'>eu</span> <span class='ocrx_word' id='word_1_222' title='bbox 332 3943 480 4009; x_wconf 84' lang='lat' dir='ltr'>praescripto</span> <span class='ocrx_word' id='word_1_223' title='bbox 498 3944 646 4010; x_wconf 74' lang='lat' dir='ltr'>synodorum</span> <span class='ocrx_word' id='word_1_224' title='bbox 658 3939 841 4006; x_wconf 83' lang='lat' dir='ltr'>provincialium</span> <span class='ocrx_word' id='word_1_225' title='bbox 856 3947 880 3989; x_wconf 86' lang='lat' dir='ltr'>et</span> <span class='ocrx_word' id='word_1_226' title='bbox 896 3938 1093 3989; x_wconf 84' lang='lat' dir='ltr'>dioecesanarum</span> <span class='ocrx_word' id='word_1_227' title='bbox 1105 3940 1148 3990; x_wconf 88' lang='lat' dir='ltr'>de-</span> 
     </span>
     <span class='ocr_line' id='line_1_32' title="bbox 124 4026 1148 4107; baseline -0.008 -25"><span class='ocrx_word' id='word_1_228' title='bbox 124 4045 232 4107; x_wconf 70' lang='lat' dir='ltr'>cpuorum</span> <span class='ocrx_word' id='word_1_229' title='bbox 245 4030 449 4098; x_wconf 79' lang='lat' dir='ltr'>congregationes</span> <span class='ocrx_word' id='word_1_230' title='bbox 463 4029 551 4081; x_wconf 84' lang='lat' dir='ltr'>babere</span> <span class='ocrx_word' id='word_1_231' title='bbox 564 4028 649 4092; x_wconf 88' lang='lat' dir='ltr'>coepit.</span> <span class='ocrx_word' id='word_1_232' title='bbox 666 4027 714 4080; x_wconf 83' lang='lat' dir='ltr'>Cir.</span> <span class='ocrx_word' id='word_1_233' title='bbox 732 4043 771 4092; x_wconf 84' lang='lat' dir='ltr'>op.</span> <span class='ocrx_word' id='word_1_234' title='bbox 784 4027 823 4077; x_wconf 89' lang='lat' dir='ltr'>cit.</span> <span class='ocrx_word' id='word_1_235' title='bbox 838 4035 894 4076; x_wconf 86' lang='lat' dir='ltr'>tom.</span> <span class='ocrx_word' id='word_1_236' title='bbox 907 4027 928 4076; x_wconf 98' lang='lat' dir='ltr'>ll</span> <span class='ocrx_word' id='word_1_237' title='bbox 942 4041 982 4090; x_wconf 92' lang='lat' dir='ltr'>pp.</span> <span class='ocrx_word' id='word_1_238' title='bbox 995 4026 1042 4075; x_wconf 71' lang='grc'><strong>155</strong></span> <span class='ocrx_word' id='word_1_239' title='bbox 1056 4034 1080 4076; x_wconf 87' lang='lat' dir='ltr'>at</span> <span class='ocrx_word' id='word_1_240' title='bbox 1092 4026 1148 4074; x_wconf 73' lang='lat' dir='ltr'>aot.</span> 
     </span>
    </p>
   </div>
   <div class='ocr_carea' id='block_1_3' title="bbox 0 0 1514 4912">
    <p class='ocr_par' dir='ltr' id='par_1_7' title="bbox 0 0 1514 4912">
     <span class='ocr_line' id='line_1_33' title="bbox 0 0 1514 4912; baseline 0 0"><span class='ocrx_word' id='word_1_241' title='bbox 0 0 1514 4912; x_wconf 95' lang='lat' dir='ltr'> </span> 
     </span>
    </p>
   </div>
  </div>
 </body>
</html>
