3012 4912
831 477 944 574 (aa)

380 637 393 672 u
420 626 537 677 tremus.
557 618 618 698 Ego
636 634 705 677 sane
721 634 778 698 quo
797 614 910 697 saepius
929 613 982 674 hac
1002 612 1037 674 de
1055 631 1086 674 rc
1104 613 1217 693 cogito,
1236 632 1271 673 eo
1290 610 1398 693 majora

382 742 393 771 u
418 736 529 799 semper
538 736 636 800 spero,
647 737 700 778 nec
712 715 812 777 dubito
823 714 893 798 quin
908 713 1045 776 inuidiam
1056 733 1170 795 quoque
1179 713 1271 795 ipsam
1284 722 1313 772 et
1324 709 1398 772 diffi-

380 842 393 874 ι»
417 816 539 880 cultates
561 837 661 880 omnes
681 837 857 900 superemus.
886 818 1071 877 Decreveram
1092 825 1187 876 autem
1205 812 1262 876 hoc
1280 811 1399 874 nomine

380 941 393 972 u
416 929 484 979 ante
503 917 649 1000 paschales
663 917 749 979 ferias
762 917 860 979 venire
874 915 1052 986 Bruxellam,
1066 925 1152 998 atque
1164 913 1240 976 inter
1253 911 1309 974 alia
1323 929 1398 973 nouo

379 1041 392 1072 u
415 1017 602 1098 gubernatori
626 1017 719 1099 (cujus
741 1017 772 1079 in
791 1015 1029 1079 administrandis
1051 1015 1116 1077 istis
1135 1013 1294 1098 provinciis
1314 1010 1398 1074 initia

377 1143 391 1173 a
416 1118 487 1181 mibi
504 1119 625 1182 mirifice
639 1118 766 1203 placent)
784 1130 813 1181 et
832 1116 1029 1201 congratulari
1048 1129 1077 1180 et
1093 1115 1204 1178 deleme
1219 1113 1400 1197 obsequium.

378 1243 391 1275 n
415 1217 470 1280 Sed
483 1217 622 1282 hactenus
637 1217 731 1282 obstat
744 1219 863 1281 morbus
876 1218 961 1302 plane
978 1214 1123 1298 malignus
1135 1236 1170 1277 ac
1183 1227 1353 1286 contumax,
1368 1224 1401 1275 ut
1502 1265 1504 1270 ,

379 1342 392 1374 u
416 1317 463 1380 vix
483 1318 605 1401 pedibus
622 1319 754 1383 insistere
766 1319 887 1402 possim,
906 1337 940 1381 ac
953 1317 1042 1380 veteri
1059 1315 1161 1379 morbo
1180 1315 1300 1378 accessit
1312 1314 1398 1376 etiam

378 1443 390 1473 u
416 1437 520 1492 novus,
534 1419 622 1482 tussis
634 1420 813 1502 gravissima,
826 1439 899 1502 quae
913 1439 959 1481 me
973 1437 1091 1500 prorsus
1106 1427 1241 1479 extenuat
1255 1425 1341 1498 atque
1355 1435 1401 1476 en·

379 1544 392 1574 a
415 1518 525 1592 haurit;
537 1521 708 1584 imminente
719 1533 815 1583 tamen
826 1519 887 1602 jam
900 1539 967 1581 vere
980 1539 1095 1602 sperare
1105 1518 1185 1580 lubet
1199 1515 1332 1587 meliora,
1346 1534 1400 1576 nec

378 1643 392 1675 u
416 1618 496 1682 cordi
513 1620 591 1682 enim
608 1641 662 1683 nec
677 1621 795 1684 cerebro
814 1620 889 1684 male
904 1631 957 1682 est.
971 1619 1060 1702 Atqui
1076 1619 1147 1681 adeo
1164 1638 1223 1680 nou
1238 1637 1303 1680 sum
1317 1615 1400 1698 plane

378 1746 392 1776 s
414 1720 545 1794 ociosus,
561 1720 670 1803 aliquid
693 1741 806 1805 semper
822 1734 852 1784 et
873 1720 1026 1783 scribendo
1039 1732 1069 1781 et
1089 1718 1232 1802 loquendo
1253 1729 1401 1801 praestans

377 1846 391 1876 ι)
415 1818 493 1881 unde
510 1820 596 1882 rebus
609 1821 717 1883 nostris
734 1820 874 1883 auxilium
892 1819 1052 1893 adteratur,
1070 1819 1295 1902 necquicquam
1312 1835 1401 1898 aeque

378 1945 392 1976 u
416 1940 501 1983 curae
514 1932 558 1983 est
571 1942 658 2004 quam
670 1933 719 1995 ut,
733 1923 854 1984 remisso
870 1921 1080 2005 aliquantulum
1097 1921 1218 2004 frigore,
1237 1920 1273 1982 ad
1286 1939 1338 1981 uos
1355 1939 1402 1980 vo·

378 2046 392 2077 »
416 2022 505 2084 uiam.
522 2047 537 2080 u
557 2023 667 2097 Quinto
684 2025 771 2087 ctiam
789 2023 842 2086 cal.
861 2023 961 2106 aprilis
978 2023 1015 2085 ad
1030 2023 1236 2085 Lovauiensem
1250 2019 1402 2084 societatis

375 2123 441 2184 lesu
455 2134 595 2186 rectorem
609 2124 726 2198 scribit,
741 2124 900 2187 decreuisse
912 2144 959 2196 se,
970 2123 1040 2187 licet
1057 2143 1116 2186 non
1130 2123 1200 2186 satis
1214 2141 1351 2205 prospera
1364 2120 1403 2182 sit

375 2221 526 2297 ualetudo,
543 2223 690 2286 Bruxellas
710 2225 845 2287 accedere
867 2235 953 2308 atque
972 2224 1054 2287 illinc
1071 2224 1231 2286 Lovanium
1250 2242 1402 2286 excurrere

375 2321 410 2383 ad
428 2321 581 2385 uidendam
596 2325 708 2386 vineam
724 2324 889 2408 (collegium
904 2325 1025 2404 scilicet)
1043 2345 1128 2407 quarn
1143 2325 1340 2409 plantaverat:
1356 2322 1401 2405 ip-

375 2422 435 2486 sius
451 2443 519 2485 vero
537 2424 700 2488 academiae
716 2426 898 2509 splendorem
916 2437 945 2487 et
965 2424 1136 2506 dignitatem
1154 2423 1191 2486 ab
1206 2425 1262 2487 hoc
1276 2423 1399 2506 collegio

375 2522 534 2606 dependere
547 2523 751 2586 arbitrabatur.
766 2526 835 2588 Cod.
850 2527 908 2588 MS.
924 2525 972 2586 cit.
988 2524 1057 2587 bibl.
1072 2545 1132 2607 reg.
1145 2528 1232 2586 Brun.

414 2625 468 2686 Dic
488 2626 528 2687 25
551 2627 673 2704 aprilis,
693 2645 783 2708 quum
805 2624 946 2687 Bruxellis
967 2624 1088 2686 consilio
1110 2628 1208 2687 Status
1233 2623 1325 2706 Belgii
1348 2623 1400 2686 ed-

373 2723 499 2806 scriptus
518 2724 694 2808 reipublicae
713 2726 829 2807 negotia
850 2736 979 2797 curaret,
1002 2736 1163 2787 extremum
1188 2724 1264 2787 diem
1286 2723 1398 2786 elausit.

375 2827 476 2885 Pastor
489 2845 573 2887 verus
588 2846 622 2886 ac
639 2826 752 2908 praesul
773 2825 958 2888 doctissimus
975 2824 1128 2886 dioecesim
1147 2828 1233 2887 butu.
1255 2824 1329 2886 rexit
1348 2845 1399 2908 per

375 2944 467 2986 annos
480 2937 561 2999 octo,
582 2946 696 2988 menses
712 2939 836 3008 quatuor
849 2939 878 2988 et
895 2925 956 2988 dies
970 2925 1086 2997 decem,
1101 2925 1228 2987 infausto
1242 2925 1399 2986 admodum

375 3036 512 3107 tempore.
531 3029 572 3088 De
586 3026 677 3108 ipsius
690 3027 749 3089 uita
763 3040 793 3090 et
807 3026 923 3108 scriptis
932 3016 1005 3088 ,vide
1018 3026 1187 3088 Diercnsens
1200 3045 1246 3107 op.
1261 3025 1311 3086 eit.
1327 3035 1347 3086 t.
1363 3027 1399 3086 Vl

374 3147 400 3206 p.
416 3128 489 3198 uum
508 3129 656 3209 Foppeus‚
672 3130 745 3189 Bibl.
758 3129 836 3207 Bclq.
852 3139 872 3187 t.
889 3130 912 3187 ll
926 3147 953 3208 p.
970 3131 1044 3195 795,
1059 3138 1088 3187 et
1104 3129 1231 3209 Paquot,
1246 3126 1401 3188 Memot'res

374 3237 394 3286 t.
407 3229 430 3287 ll
444 3247 471 3308 p.
486 3229 536 3289 95.
550 3229 630 3301 Quae
648 3248 716 3289 vero
733 3227 775 3290 illi
790 3227 896 3308 aliique
917 3227 1073 3310 scriptores
1087 3227 1122 3288 dc
1139 3225 1292 3286 Torrentio
1313 3223 1400 3285 tradi·

374 3324 490 3397 derunt,
505 3325 580 3388 absit
594 3338 626 3389 ut
637 3327 711 3389 nihil
726 3326 803 3389 ultra
813 3328 883 3388 haec
896 3325 963 3388 addi
977 3339 1072 3409 queat.
1088 3326 1174 3387 Plura
1184 3345 1253 3387 sane
1267 3325 1302 3386 de
1317 3344 1399 3407 prae·

374 3425 445 3487 sulis
462 3427 520 3489 vita
538 3439 566 3489 et
581 3429 697 3511 scriptis
714 3429 790 3512 apud
811 3450 859 3490 eos
877 3428 1094 3499 desiderantur,
1108 3439 1194 3509 atque
1206 3426 1276 3488 adeo
1291 3426 1327 3488 de
1343 3426 1402 3488 illis

375 3526 533 3608 pleniorem
551 3529 674 3612 aliquem
691 3529 946 3600 commentarium,
963 3528 1205 3612 quemadmodum
1221 3547 1273 3610 pro
1290 3527 1400 3589 Sonnio

373 3629 519 3708 praestiti,
535 3629 618 3691 edere
632 3631 726 3712 cupio.
1220 3685 1223 3692 .

418 3729 486 3788 Post
501 3727 613 3790 obitum
634 3729 779 3790 Torrentii
795 3729 906 3790 uacauit
922 3729 1003 3790 sedes
1018 3749 1069 3811 per
1083 3747 1174 3788 annos
1191 3726 1307 3789 circiter
1325 3736 1398 3798 tres,

373 3826 489 3890 vicariis
509 3828 717 3910 capitularibus
734 3828 836 3891 Carolo
854 3829 960 3902 blasio,
979 3829 1007 3890 S.
1028 3831 1060 3889 Τ.
1083 3831 1131 3900 lt,
1150 3827 1258 3889 decano
1278 3830 1387 3888 Antver

372 3927 465 4009 pieusi
474 3976 482 4001 ,
492 3949 569 3991 auno
582 3932 658 3992 teor
669 3930 705 3991 ad
718 3930 881 3992 cathedram
893 3933 1037 4012 lprensem
1051 3940 1199 4011 promoto,
1213 3939 1241 3990 et
1255 3927 1400 4010 Syluestro
