2978 4916
802 493 951 594 (rot)

827 831 850 905 ς.
872 829 918 889 vr.

560 1025 729 1106 Capitulum
750 1022 782 1086 S.
807 1022 962 1088 Gertratdts
983 1023 1182 1106 Brrpizomcr.

400 1211 521 1288 Bergam
535 1208 571 1271 ad
586 1211 703 1272 Zamam
715 1228 765 1270 scu
780 1206 995 1288 Bergizomam,
1008 1204 1051 1267 sic
1061 1205 1168 1268 dictam
1180 1225 1196 1266 a
1209 1203 1384 1286 fluvioloop'·
1486 1233 1488 1272 ;

359 1308 459 1390 pidum
474 1309 674 1384 interfluente,
694 1310 729 1372 ad
747 1313 776 1372 S.
797 1307 949 1372 Gertrndis
962 1306 1134 1370 nivellensis
1147 1305 1308 1368 abbatissae
1322 1305 1383 1366 hac·

359 1409 511 1472 reditatcm
522 1411 695 1493 pertinuisse
707 1422 844 1473 constans
853 1421 897 1472 est
908 1407 1042 1482 traditio,
1056 1429 1143 1491 qnam
1154 1408 1251 1470 firmat
1260 1405 1383 1489 diploma

360 1510 542 1594 imperatoris
556 1512 674 1574 Ottonis
687 1515 699 1572 l
712 1511 811 1574 datum
827 1531 904 1573 anno
918 1512 978 1573 966
992 1513 1015 1570 ¹.

399 1615 429 1675 ln
445 1613 564 1676 ecclesia
578 1614 669 1676 eidem
684 1614 713 1676 S.
728 1612 863 1675 Gertrudi
878 1612 973 1675 dicata
986 1610 1142 1692 collegium
1154 1623 1220 1672 octo
1234 1610 1385 1672 canonico·

359 1735 425 1776 rum
441 1735 506 1777 curn
520 1716 628 1778 decano
642 1736 689 1778 an.
704 1717 783 1776 tatu
798 1713 927 1777 instituit
944 1717 1102 1794 Bergarum
1116 1712 1252 1775 dominus
1264 1715 1385 1776 loannes

358 1817 545 1891 Brabantiac‚
556 1818 651 1880 dictus
661 1817 697 1880 dc
707 1818 838 1901 Glymcs,
848 1819 898 1900 qui
910 1829 1021 1898 patrem
1033 1816 1135 1878 habuit
1145 1818 1286 1878 loannem
1298 1816 1384 1878 lilium

358 1919 518 1980 naturalem
532 1919 651 1982 loannis
665 1921 701 1979 lll
715 1917 798 1980 ducis
813 1918 993 1980 Brabantiae.
1012 1917 1224 1980 Fundationem
1239 1917 1385 2001 pontificio
1478 1974 1480 1984 .

357 2018 514 2101 diplomate
528 2019 711 2082 confirmavit
724 2020 872 2101 Eugenius
888 2022 926 2082 tv
939 2022 963 2091 ¹,
976 2020 1027 2103 qui
1042 2019 1176 2102 antiquas
1189 2019 1327 2082 ecclesiae
1341 2039 1385 2081 ca·

357 2117 496 2203 pellonias
509 2121 653 2184 convertit
667 2121 698 2182 in
709 2121 910 2194 canonicatus,
925 2119 1058 2203 equibus
1068 2120 1135 2203 jure
1146 2133 1319 2202 patronatus
1331 2121 1384 2184 duo
1487 2149 1488 2194 r

357 2220 393 2282 ad
404 2220 586 2284 collationem
599 2221 762 2284 abbatissae
771 2221 951 2295 Nivellensis,
963 2220 1068 2285 caeteri
1078 2242 1146 2284 vero
1156 2221 1193 2303 ad
1203 2221 1384 2286 collationem
1487 2251 1488 2288 l

358 2321 469 2385 domini
483 2323 713 2404 Borgizomensis
726 2322 904 2407 spectabant.

398 2426 449 2486 Jns
472 2423 545 2486 illud
571 2436 742 2506 patronatus
767 2425 893 2488 familiae
915 2425 1102 2488 dominorum
1124 2423 1384 2506 Bergizomensium
1486 2443 1488 2500 ς

291 2557 294 2562 .
356 2523 443 2587 ctiam
458 2525 582 2590 asseruit
596 2526 663 2588 Pius
673 2529 697 2588 ll
712 2528 742 2588 in
753 2527 846 2590 literis
856 2526 932 2594 datis
945 2527 1080 2589 Mantuae
1092 2545 1140 2588 an.
1153 2529 1232 2588 1459
1242 2528 1266 2587 ³.

398 2629 484 2689 Anno
497 2630 589 2702 1508,
603 2628 759 2692 cardinalis
770 2628 805 2691 de
815 2627 957 2712 Carrajal,
972 2627 1086 2710 legatus
1095 2627 1273 2711 apostolicus
1284 2627 1316 2689 in
1327 2625 1385 2689 Bel·
1485 2709 1487 2722 ⁴

357 2730 420 2811 gio,
436 2731 465 2792 in
478 2729 577 2792 cadem
593 2732 716 2794 ecclesia
726 2731 799 2815 erigi
810 2731 964 2795 constituit
974 2731 1045 2794 duas
1056 2751 1144 2794 nouas
1154 2730 1328 2814 capellanias
1337 2749 1386 2812 pro
1485 2811 1486 2820 ἵ

357 2831 489 2904 musicis,
499 2853 571 2913 quas
582 2832 723 2896 Dominus
735 2833 964 2915 Rergizomensis
975 2833 1124 2896 dotaverat
1134 2835 1157 2894 ⁴.
1165 2835 1203 2893 Et
1211 2851 1290 2894 anno
1302 2835 1385 2901 1519,
1485 2859 1486 2868 ¹

358 2933 415 2993 Leo
429 2934 454 2993 Χ
469 2933 613 2995 convertit
627 2946 685 2996 tres
702 2935 875 3017 capellanias
890 2936 920 2996 in
939 2946 997 2998 tres
1014 2934 1215 3006 canonicatus,
1233 2934 1284 3016 qui
1304 2933 1385 3014 vulgo

357 3031 528 3095 dicebantur
544 3034 706 3112 Cuperioni
719 3055 736 3098 a
750 3055 802 3098 suo
824 3033 978 3098 fundatore
997 3035 1151 3098 Lambcrto
1166 3038 1296 3117 Cnypers
1312 3035 1385 3097 illius
1485 3027 1486 3038 ’

358 3133 496 3195 ecclcsiae
510 3135 650 3197 canonico
664 3136 687 3196 ⁸.

396 3235 559 3297 Marohione
580 3236 706 3298 Antonio
732 3234 767 3298 de
788 3236 904 3319 Glymcs
928 3257 1005 3298 anno
1028 3238 1105 3300 1567
1127 3235 1157 3299 in
1179 3237 1319 3321 Hispania
1339 3237 1385 3299 de-
1484 3271 1485 3282 .

354 3334 470 3409 iuncto,
485 3336 634 3399 Foederati
654 3337 745 3419 belgii
764 3338 888 3402 Ordines
905 3339 1102 3420 Bergizomam
1119 3338 1175 3400 sibi
1190 3349 1382 3410 asseruerunt,

353 3447 384 3498 et
397 3435 524 3500 extincto
537 3437 665 3520 capitulo
675 3439 831 3503 canonicos
843 3452 873 3503 ct
884 3451 1011 3502 caeteros
1021 3460 1123 3503 ornnes
1131 3439 1341 3505 ecclesiasticos
1352 3459 1383 3502 ex

386 3669 394 3700 ¹
411 3669 479 3734 tpnd
492 3667 622 3737 bliraeum,
635 3676 694 3722 tom.
706 3673 730 3740 l,
742 3687 766 3738 p.
778 3671 835 3724 654.

386 3755 396 3783 ¹
412 3758 496 3808 Exstat
505 3760 568 3823 apud
580 3761 703 3828 eumdem,
714 3767 773 3813 tom.
787 3759 826 3829 tv,
835 3776 857 3827 p.
870 3761 910 3812 ot.

384 3841 394 3872 ⁸
411 3841 471 3893 lbid.
484 3851 542 3895 tom.
555 3845 595 3910 tu,
607 3861 630 3910 p.
643 3847 684 3898 ⁷1.

384 3927 394 3959 ⁴
411 3928 540 3998 Ibidtnm.
554 3931 592 3998 tu,
604 3947 628 3996 p.
641 3933 682 3983 87.
785 3993 787 3998 ι

385 4018 395 4048 ¹
412 4017 471 4070 lbid.
485 4021 631 4088 tom.1V,p.
645 4020 699 4073 tot.
