3012 4912
345 661 432 727 1610
453 660 487 727 16
514 661 607 730 tertia
625 663 745 750 synodo
766 662 967 744 dioecesana,
989 665 1129 734 loannes
1147 665 1283 734 Miraeus
1303 663 1369 752 epi-

343 788 459 858 scopus
474 773 647 841 memoriae
660 773 809 861 prodidit.
822 775 881 842 llle
895 775 991 844 etiam
1007 775 1102 844 titulo
1117 776 1216 842 XXIV
1228 775 1368 864 eiusdem

342 879 454 967 synodi
476 879 632 962 declarat,
651 881 747 949 talem
767 882 800 949 in
815 882 952 953 dioecesi
968 883 1191 972 Antuerpiensi
1208 882 1366 951 bellorum

343 989 502 1057 tumultus
512 1000 649 1079 stragem
662 991 851 1073 exercuisse,
862 1002 897 1060 ut
909 993 1018 1061 nullus
1028 993 1195 1081 episcopus
1208 992 1368 1081 atrigiuta

341 1097 485 1185 quinque
505 1099 616 1178 annis,
637 1099 669 1166 id
687 1109 734 1168 est
752 1120 771 1167 a
795 1110 899 1170 morte
913 1101 1014 1189 ipsius
1027 1100 1157 1181 Sonnii‚
1180 1101 1318 1190 potuerit
1334 1100 1367 1166 in

340 1206 429 1294 pagis
443 1206 594 1282 ecclesias
609 1206 737 1276 uisitare
749 1208 796 1276 vel
813 1208 995 1278 functiones
1010 1229 1083 1277 suas
1099 1209 1198 1278 libere
1213 1221 1244 1277 61
1260 1228 1368 1296 perso-

342 1315 1369 1416 611116161616616;61111161111611666661161666166611,1111111

341 1435 397 1491 aut
410 1426 599 1495 coemeteria
612 1446 677 1495 nou
692 1425 869 1509 destructa,
880 1446 988 1497 euersa
999 1440 1053 1495 aut
1064 1427 1178 1496 saltem
1190 1427 1367 1515 profanata.

385 1534 534 1605 Attamen
552 1535 641 1603 illam
658 1535 744 1604 inter
761 1546 980 1625 tempestatem
995 1537 1154 1604 Laeuinus
1164 1535 1373 1623 Torrentius,
1447 1541 1450 1548 '

339 1641 395 1729 qui
418 1643 546 1731 primus
565 1655 638 1732 post
654 1643 812 1712 Sounium
832 1644 1016 1713 cathedram
1038 1645 1303 1733 Antverpiensem
1327 1643 1369 1710 ab

338 1770 426 1818 anno
443 1744 530 1819 11186
545 1750 585 1818 ad
596 1770 718 1819 aunum
732 1754 819 1820 1595
834 1751 1020 1833 illustravit,
1037 1752 1212 1841 collapsam
1228 1750 1369 1840 discipli·

339 1879 414 1926 nam
430 1859 678 1929 ecclesiasticam
695 1860 862 1929 restituere
873 1870 1008 1929 conatus
1022 1871 1100 1929 erat.
1115 1860 1179 1930 Sua
1190 1870 1221 1929 et
1233 1861 1369 1929 decano·

339 1989 411 2036 rum
420 1968 664 2038 christianitatis
669 1969 742 2057 jura
751 1980 784 2038 et
792 1969 909 2051 officia,
922 1989 1003 2058 quae
1016 1970 1212 2038 tumultuum
1223 1979 1369 2058 tempore

338 2097 394 2167 per
409 2078 622 2147 decanatuum
636 2079 835 2148 vacationem
847 2079 957 2148 omnia
972 2078 1037 2148 lere
1051 2078 1256 2160 interierant,
1275 2078 1366 2147 resti-

309 2219 311 2224 .
341 2199 430 2255 tuere
443 2187 571 2274 sategit3
585 2187 692 2274 itaque
703 2187 742 2255 ad
754 2187 948 2256 decanorum
960 2187 1244 2276 supplicationem,
1258 2187 1368 2255 mode·

340 2297 466 2365 ratione
483 2295 581 2377 lacta,
594 2295 666 2383 jura
682 2296 744 2365 ista
764 2296 988 2365 determinavit
1003 2308 1034 2364 et
1053 2296 1216 2365 decretum
1232 2295 1368 2385 desuper

338 2403 499 2485 condidit,
513 2403 599 2492 quod
614 2404 685 2473 sine
698 2405 794 2488 anni,
811 2403 932 2474 mensis
946 2417 978 2473 et
994 2404 1057 2473 diei
1072 2414 1149 2474 uota
1164 2393 1265 2472 exstat
1280 2404 1364 2492 apud

339 2513 548 2595 Diercxsens,
568 2518 739 2600 Autocrpt'o
763 2517 887 2583 Christo
906 2535 1034 2582 noscens
1055 2527 1084 2582 et
1107 2524 1300 2592 61666661.
1326 2513 1366 2580 VI

338 2644 369 2709 p.
386 2626 469 2703 256,
484 2634 516 2690 61
529 2623 614 2710 quod
630 2643 704 2690 cum
716 2622 817 2691 altero
828 2634 952 2690 vetusto
965 2617 1137 2710 exemplari
1150 2621 1267 2690 collato
1278 2621 1367 2688 exhi·-

339 2730 391 2799 bet
406 2751 465 2799 suo
480 2731 552 2799 loco
567 2730 769 2800 collectionis
785 2742 913 2799 nostrae
927 2730 1026 2799 sectio
1044 2730 1148 2798 tertia.

382 2837 425 2904 Ut
451 2838 631 2907 verosimile
657 2849 721 2920 est,
750 2839 939 2908 Torrentius
969 2840 1003 2906 in
1032 2839 1139 2927 aliqua
1169 2840 1364 2909 decanorum

339 2934 604 3036 congregatione,
623 2949 671 3016 uel
690 2960 923 3036 consequenter
937 2949 977 3017 ad
993 2969 1082 3031 eam,
1102 2950 1264 3018 decretum
1280 2947 1366 3017 istud

336 3057 411 3126 lecit
426 3068 480 3126 aut
495 3058 718 3146 promulgavit.
736 3060 820 3127 Eum
838 3080 913 3128 uero
932 3059 972 3131 de
993 3060 1114 3148 synodo
1131 3060 1180 3128 vel
1201 3059 1241 3128 de
1260 3059 1365 3127 archi-

337 3167 595 3256 presbyterorum
614 3167 759 3236 coetibus
776 3168 1008 3258 congregandis
1023 3168 1193 3258 cogitasse,
1211 3167 1312 3254 liquet
1327 3187 1365 3236 ex

336 3275 486 3363 eo,quod
497 3274 670 3345 inlaudata
681 3277 808 3347 decreto
820 3278 922 3346 dicat:
935 3279 1365 3363 capitulumquoqccrcrole

335 3403 375 3449 66
394 3403 479 3450 aune
493 3387 648 3466 61616161,
664 3397 787 3470 eccepto
802 3398 935 3471 temporo
950 3387 1071 3469 Synodl
1089 3388 1285 3477 dioecesanoe
1306 3396 1365 3452 661

330 3495 551 3576 provincialis,
576 3498 652 3578 quic
675 3505 748 3562 1666
768 3498 877 3563 decani
895 3499 1145 3563 convocationem
1167 3497 1365 3578 1666161666-

335 3603 450 3668 166161
465 3607 681 3670 communitos
694 3609 844 3689 capturis.
857 3604 1024 3673 Diuersum
1037 3615 1105 3673 erat
1117 3605 1178 3673 hoc
1191 3607 1364 3689 capitutum

336 3709 377 3777 ab
397 3710 466 3799 ipsa
486 3711 681 3781 decanorum
698 3713 962 3801 congregatione;
984 3712 1059 3782 huic
1078 3711 1275 3802 praesidebat
1295 3712 1362 3800 epi-

336 3838 471 3908 scopus,
488 3821 536 3888 illi
553 3821 692 3890 decanus
706 3822 729 3888 ¹.

374 4045 383 4076 ¹
396 4047 447 4100 Vitl.
462 4049 574 4114 synodici
587 4057 645 4101 tom.
659 4051 681 4102 11
690 4065 713 4115 p.
727 4050 783 4104 att.
