2978 4916
551 469 699 565 (esa)

109 627 174 669 rum
187 606 294 688 spatio,
305 605 446 667 moniales
456 625 531 687 quae
541 617 611 667 tunc
624 605 701 668 solae
712 617 794 668 erant
807 606 935 686 regulam
947 607 977 668 S.
986 607 1142 687 Augustini

2 787 3 790 Ἴ
108 707 258 790 amplexae
281 719 363 778 sunt,
386 706 517 768 habitum
538 708 656 788 nigrum
677 729 743 770 cum
764 709 828 768 velo
846 719 1010 788 gestantes,
1027 729 1141 770 earum-

108 829 166 891 que
183 808 315 889 superior
328 810 446 868 domim
459 818 489 868 et
506 818 636 870 caeterae
650 807 803 890 religiosae
816 810 979 868 dornioelloe
992 827 1143 890 nuncopa-

109 910 233 981 bantur,
256 908 342 992 idque
357 908 497 991 usquead
518 929 627 970 annum
649 912 727 973 1608
747 929 805 992 quo
824 909 860 971 ab
880 909 1015 992 episcopo
1034 912 1143 971 Ioanne

109 1011 219 1073 Miraeo
244 1010 418 1073 reformatae
441 1011 565 1072 suntad
589 1031 698 1072 morem
721 1012 976 1094 Antrcrpiensium
991 1016 1014 1073 ¹.
1034 1013 1143 1074 Statuit

110 1113 190 1174 inter
209 1112 263 1174 alia
286 1112 414 1195 praesul,
436 1123 469 1174 ut
490 1133 542 1194 pro
564 1113 627 1174 velo
648 1113 733 1192 nigro
755 1113 854 1175 album
875 1125 1037 1194 gestarent,
1058 1127 1087 1175 et
1111 1125 1144 1174 ut

110 1214 177 1275 loco
191 1217 323 1275 dominae
336 1234 369 1274 ac
384 1217 601 1276 domiceltorom
614 1214 800 1278 adhiberetur
815 1235 921 1277 nomen
935 1214 1040 1276 motris
1054 1227 1082 1276 et
1099 1236 1144 1276 so-

111 1333 228 1376 rorone.

153 1419 183 1476 5.
206 1413 429 1476 Herondaliense
449 1414 648 1477 nosocomium
673 1413 756 1476 initio
780 1415 887 1476 saeculi
908 1417 970 1476 Xlll
991 1412 1142 1476 lundatum

112 1517 234 1586 dicitur,
250 1516 280 1576 in
296 1535 330 1577 eo
345 1516 453 1597 pariter
466 1514 618 1598 utriusque
637 1537 720 1578 sexos
734 1515 878 1596 religiosis
893 1528 1078 1596 aegrotorum
1095 1536 1144 1576 ou-

113 1636 176 1677 ram
193 1615 376 1678 habentibus.

154 1720 184 1778 1.
205 1716 457 1788 Turnbautanum‚
484 1717 652 1779 inchoatum
681 1736 758 1778 anno
788 1719 880 1790 1500,
905 1716 1032 1799 primurn
1061 1717 1143 1778 dota·

114 1830 178 1880 tum
208 1817 264 1878 luit
291 1817 398 1878 civium
427 1818 634 1880 nonnullorum
660 1817 868 1881 munificentia.
894 1816 1066 1880 Brabantiae
1086 1818 1154 1880 dux.

112 1923 239 1982 loannes
262 1921 286 1980 ll
307 1918 484 1981 dotationem
509 1940 567 1980 non
594 1930 708 1981 tantum
733 1918 918 2001 approbavit,
939 1919 988 1980 sed
1013 1920 1142 1982 eamdem

115 2019 215 2082 lundis
228 2019 323 2092 auxit,
339 2021 379 2082 ita
393 2032 428 2082 ut
441 2020 520 2082 illios
534 2019 685 2102 hospitalis
699 2019 837 2082 fundator
851 2019 991 2082 habeatur
1004 2023 1028 2082 ².
1043 2021 1146 2104 llospi·

114 2120 172 2182 tale
186 2118 273 2192 illud,
290 2120 425 2202 primitus
443 2141 496 2204 pro
517 2120 678 2203 peregrinis
696 2120 821 2181 infirmis
838 2131 867 2182 et
885 2122 1028 2182 extraneis
1043 2121 1147 2182 frunda-

115 2235 194 2293 tum,
214 2221 401 2302 magistratus
417 2220 642 2283 Turnbantanus
661 2221 691 2282 iu
715 2221 920 2282 Nosocomium
940 2221 1014 2303 erigi
1034 2224 1147 2285 curarit

113 2323 151 2384 acl
176 2321 389 2406 beneplacitum
410 2323 537 2405 episcopi
558 2323 778 2405 Antverpiensis
792 2325 815 2384 ³.
833 2326 931 2406 ltaque
952 2342 1030 2384 anuo
1053 2326 1147 2395 1608,

112 2427 240 2486 loannes
256 2423 381 2484 Miraeus
397 2423 540 2507 hospitale
560 2423 590 2485 in
610 2422 782 2486 coenobium
797 2443 846 2485 seu
858 2407 1065 2486 'Nosocomium
1081 2445 1146 2487 mu·

114 2525 204 2596 tavit,
230 2537 259 2587 et
282 2526 411 2587 evocarit
433 2546 449 2586 e
472 2526 645 2588 Nosocomio
669 2530 783 2608 Lyrano
808 2532 922 2588 Annam
947 2527 984 2588 de
1006 2527 1146 2599 Kiudere,

114 2647 205 2710 quam
225 2627 349 2708 primam
368 2639 490 2689 matrem
512 2627 665 2689 constituit
678 2628 826 2708 virginum
841 2648 917 2711 quae
931 2628 985 2692 sub
1004 2631 1034 2690 S.
1055 2631 1147 2692 Elina-

114 2727 220 2792 betbae
236 2727 398 2811 patrocinio
412 2729 440 2791 S.
457 2728 613 2808 Augustini
631 2728 760 2809 regulam
776 2727 992 2809 profiterentur.
1008 2728 1147 2804 biiraeus‚

115 2840 272 2910 antequam
287 2827 386 2890 literas
401 2828 557 2891 erectionis
575 2827 716 2900 dedisset,
732 2827 820 2899 obiit;
835 2846 883 2888 eas
897 2847 980 2899 vero,
995 2847 1068 2908 quae
1082 2850 1149 2911 pac-

116 2943 215 2991 torum
231 2929 330 2991 Miraei
347 2941 375 2992 et
395 2929 583 2990 archiduoum
598 2927 709 2990 Alberti
731 2940 761 2989 et
781 2927 916 2990 lsabellae
936 2927 1042 2989 indulti
1067 2950 1148 2991 meu-

117 3031 228 3093 tionem
250 3030 376 3103 iaciunt,
398 3030 555 3113 publicavit
577 3030 723 3093 lohannes
737 3029 881 3092 Malderus
903 3029 951 3092 die
971 3031 1009 3091 17
1032 3031 1148 3112 augusti

118 3137 195 3196 1611
213 3137 238 3195 ⁴.

159 3238 188 3298 5.
210 3233 358 3318 Hospitale
379 3233 542 3295 Bredanum
567 3232 802 3315 antiquissimum
823 3244 878 3302 est;
895 3230 956 3314 jam
972 3230 1050 3293 enim
1072 3249 1149 3293 anuo

117 3337 199 3397 1116
218 3347 395 3397 memoratur
414 3337 444 3396 in
461 3331 609 3396 Godeiridi
634 3338 670 3394 111
690 3333 798 3394 bredae
823 3332 934 3394 domini
959 3343 1148 3404 testamento,

152 3536 162 3564 ¹
181 3537 239 3588 Vide
250 3553 337 3603 supra,
350 3553 373 3601 p.
385 3538 426 3587 50.
951 3577 953 3582 .

153 3625 165 3654 ¹
181 3627 251 3672 Anno
263 3624 324 3673 1511
344 3623 369 3672 in
385 3630 528 3688 perpetuum
543 3621 660 3670 concessit
673 3621 704 3670 ad
716 3635 851 3686 pauperum
864 3635 919 3672 usus
931 3618 1044 3669 animalia
1055 3617 1152 3668 inventa

114 3711 184 3762 intra
196 3706 320 3759 tertiuma
333 3707 464 3774 municipio
476 3706 588 3773 lapidem.

153 3796 165 3824 ⁸
182 3794 272 3844 Literna
287 3793 422 3846 scabinales
441 3793 514 3844 refert
533 3808 579 3843 ran
602 3795 720 3859 Gorcom,
734 3794 915 3857 Bescbryoe'rrp
932 3806 986 3842 vora
1001 3792 1151 3850 rorantur,

111 3902 140 3951 p,
158 3881 216 3931 164.

154 3969 164 3998 ⁴
184 3969 286 4019 Exstant
298 3968 361 4032 apud
374 3970 406 4018 Le
418 3970 482 4034 lloy,
494 3982 533 4031 op.
546 3967 586 4018 cit.
598 3983 622 4031 p.
634 3966 691 4016 595,
