3034 4908
555 498 572 592 a
597 495 670 570 eso
695 499 708 594 )

160 632 274 716 Capella
291 633 371 696 illins
386 633 455 706 loci,
475 635 578 695 loanni
597 633 742 716 Baptistae
761 653 853 708 sacra,
869 636 939 698 alirn
961 637 1035 698 infra
1051 640 1143 701 anthi·

121 747 182 796 tum
202 736 307 798 veteris
324 736 475 818 parochiae
497 738 526 797 S.
553 735 699 796 Michaelis
723 737 895 819 antverpiae
914 750 1050 800 contenta
1068 755 1145 815 erat,

120 849 207 917 prout
220 857 306 920 supra
318 859 347 920 p.
362 841 420 899 257
436 837 472 898 de
484 835 558 898 lilla
572 835 683 899 dictum
698 847 751 898 est.

532 1013 573 1062 Ἠ.
589 1012 696 1062 Orsoua.
714 1014 739 1063 G.

159 1137 249 1200 Vicus
273 1148 340 1198 ante
363 1155 503 1220 aquarum
527 1133 748 1199 inundationem
773 1137 906 1211 celebris,
930 1138 1015 1221 cujus
1037 1141 1147 1223 capella

119 1238 232 1300 subfuit
245 1238 381 1302 eeclesiae
395 1238 552 1320 parochiali
567 1238 603 1300 de
615 1237 766 1301 Oirderen.

504 1413 544 1464 23.
562 1415 649 1466 alass.
666 1414 692 1466 G.
710 1414 767 1465 600.

160 1554 251 1612 Vetus
275 1549 408 1634 quaestio
425 1563 483 1622 est,
506 1548 603 1631 inquit
622 1553 661 1611 Le
685 1552 762 1632 Roy,
782 1570 828 1632 op.
851 1550 902 1612 cit.
924 1571 952 1632 p.
977 1554 1050 1622 llo,
1070 1551 1149 1612 ‘inter

119 1652 256 1716 ecclesias
276 1653 312 1714 de
332 1656 424 1714 Ranst
445 1663 475 1713 et
496 1651 662 1732 hlilleghem
682 1663 748 1713 utra
768 1672 866 1714 earum
887 1651 1052 1733 antiquior?
1072 1656 1156 1719 Con-¹

119 1769 177 1818 stat
198 1777 232 1817 ex
253 1755 345 1818 literis
363 1754 585 1838 permutationis
598 1774 676 1816 anno
701 1757 780 1818 teat
796 1755 886 1817 initae
906 1751 983 1816 inter
1003 1754 1147 1817 abhatiam

118 1862 149 1922 S.
169 1855 309 1920 Bernardi
329 1869 358 1918 et
376 1855 538 1917 Walterum
559 1854 594 1917 de
616 1858 720 1928 Ruunt,
742 1855 848 1937 quihus
869 1856 918 1917 ille
942 1856 973 1918 in
998 1855 1149 1937 religiosos

118 1959 249 2042 ejusdem
278 1955 446 2019 monasterii
475 1955 612 2018 translert
638 1957 743 2018 XXVI
765 1959 891 2018 honorio
917 1967 1014 2020 terrae
1039 1965 1097 2020 st'to
1116 1963 1149 2020 in

114 2063 262 2140 parochio
284 2061 318 2118 de
335 2059 512 2136 Milleqlrem,
530 2053 608 2138 quod
629 2054 790 2137 hujusslnci
806 2056 946 2138 templum
961 2055 1038 2118 inter
1056 2058 1148 2120 eecle-

118 2161 176 2223 sias
194 2157 371 2242 parochiales
385 2157 547 2218 dioeceseos
568 2154 781 2217 Cameracensis
801 2155 915 2217 saeculo
936 2158 997 2217 lllll
1016 2156 1146 2219 habiturn

117 2260 217 2324 suerit.
236 2265 363 2343 hpparet
382 2258 438 2319 hoc
456 2257 543 2319 etiam
562 2277 596 2318 ex
613 2257 748 2318 secundis
764 2256 858 2319 literis
875 2257 1057 2322 alienationis
1069 2259 1155 2341 ejus·

117 2364 184 2425 dem
198 2361 282 2434 anni,
305 2359 335 2421 in
356 2358 463 2442 quihus
486 2357 616 2440 legitur:
637 2357 744 2436 Notum
762 2359 929 2438 sociatus...
951 2361 1027 2438 quod
1043 2380 1095 2421 noa
1115 2364 1148 2420 de

112 2467 287 2544 praemissis
309 2466 431 2542 triptota
452 2463 599 2532 donariis,
621 2464 680 2521 tric
696 2461 825 2521 'honoria
841 2465 915 2540 pure·
934 2466 1027 2521 nostri
1046 2463 1148 2522 allodii

116 2571 176 2628 situ
195 2569 227 2628 iu
242 2565 387 2642 parochia
405 2582 453 2624 eeu
470 2564 542 2623 oilla
561 2564 595 2622 de
612 2562 790 2640 Milleqltem‚
810 2575 859 2622 etc.
879 2563 1029 2623 Praeterea
1048 2561 1147 2625 literae

116 2663 303 2728 alienationis
325 2663 410 2724 villae
429 2661 465 2723 de
487 2660 659 2732 Linterzeel,
678 2661 756 2723 inter
777 2660 909 2722 eumdem
931 2661 1091 2724 Walterum
1112 2663 1148 2724 de

115 2771 211 2830 Ranst
229 2775 259 2827 ct
279 2761 440 2847 praelatum
461 2761 668 2824 monasterium
694 2760 785 2822 sactae
799 2780 876 2820 anno
899 2765 990 2832 1508,
1009 2761 1146 2824 manifes-

119 2878 183 2932 tant
207 2865 314 2929 dictam
338 2863 487 2927 ecclesiam
511 2861 548 2924 ab
573 2861 775 2924 immemoriali
799 2875 929 2944 tempore
951 2861 1039 2924 luisse
1063 2883 1147 2946 paro·

116 2966 251 3031 chialem.

124 3120 128 3126 ,
157 3073 312 3150 Ignoratur
325 3064 441 3149 qnando
456 3063 574 3126 ecclesia
589 3062 625 3124 de
638 3061 816 3146 hilleghem,
835 3065 865 3127 in
883 3085 939 3147 qna
953 3067 1096 3147 parochus
1109 3068 1144 3130 de

116 3172 211 3232 Ranst
231 3188 282 3250 per
297 3185 327 3228 se
343 3165 386 3228 vel
407 3186 457 3248 per
471 3165 559 3226 alium
574 3163 752 3227 sacerdotem
770 3164 863 3228 ollioia
881 3165 978 3227 divina
997 3187 1030 3227 ao
1048 3180 1144 3248 pasto-

115 3271 188 3333 ralia
211 3269 346 3350 deinceps
364 3263 504 3337 exercuit‚
531 3265 649 3327 desierit
670 3265 819 3349 proprium
846 3264 951 3328 habere
975 3267 1143 3349 parochum.

114 3375 192 3436 Sunt
209 3369 258 3453 qui
273 3369 431 3452 opinantur
449 3366 479 3428 i'd
494 3365 651 3446 contigisse
668 3387 701 3428 eo
716 3379 845 3449 tempore
859 3388 915 3449 quo
931 3367 961 3428 in
976 3366 1094 3430 ecclesia
1110 3370 1145 3432 de

114 3477 210 3537 Ranst
223 3471 320 3552 vigere
334 3469 428 3552 coepit
443 3466 539 3530 cultus
552 3469 581 3530 S.
596 3467 753 3540 Pancratii,
770 3468 966 3552 populumque
977 3481 1039 3531 tum
1054 3468 1092 3531 ita
1108 3470 1143 3531 ad

114 3577 192 3638 hanc
203 3571 352 3637 ecclesiam
367 3570 553 3642 confluxisse,
569 3569 658 3632 ut'vix
673 3569 904 3654 frequentaretur
922 3572 970 3635 illa
984 3572 1018 3634 de
1033 3572 1144 3654 lllilleg·

136 3697 192 3738 em.

113 3678 133 3739 ¹¹
158 3781 237 3838 Duos
248 3773 412 3856 manipnlos
422 3772 549 3835 decimae
560 3784 588 3834 et
599 3772 737 3856 quaedam
749 3771 804 3833 alia
816 3771 890 3833 hona
902 3771 931 3833 in
945 3776 1015 3834 oilla
1026 3776 1060 3834 de
1071 3774 1143 3834 Mtt-

114 3879 243 3958 leapltem
256 3873 384 3946 lotham,
395 3872 513 3934 divitem
526 3885 687 3933 matronam
700 3872 835 3934 ecclesiae
850 3875 882 3934 B.
897 3872 1002 3934 Mariae
1016 3873 1144 3952 Virginis

114 3976 291 4058 antverpiae
311 3973 483 4046 contulisse,
501 3984 680 4056 compertum
693 3984 735 4033 est
751 3992 783 4032 cx
804 3971 916 4032 duobus
936 3972 1142 4054 diplomatibus
