2990 4918
189 619 250 679 llac
263 616 299 678 de
314 636 345 678 re
356 614 482 678 vicarius
492 616 635 697 generalis
653 616 846 689 Werbrooclt‚
865 629 1107 698 congregatorum
1122 637 1176 680 no·

143 720 242 794 ruine,
263 719 380 802 scripsit
397 719 433 780 ad
450 723 590 782 loannem
612 719 770 803 Baptistaur
793 719 977 802 Boucquaau‚
995 723 1020 783 J.
1038 722 1073 783 U.
1089 720 1177 782 licen·

144 819 268 891 uatum,
283 819 402 882 Parisiis
417 832 486 882 tone
500 819 570 882 cleri
585 819 677 885 nostri
692 841 808 883 causam
827 832 978 901 agentern,
998 819 1081 902 eique
1098 820 1179 882 misit

141 919 301 1004 epistolas,
316 919 435 982 alteram
450 940 536 1002 quarn
551 919 701 992 cornibus,
716 919 740 981 si
754 939 827 1002 opus
843 920 934 992 foret,
950 920 1101 982 ostendere
1113 941 1179 1003 pos-

142 1035 206 1094 set,
221 1021 340 1084 alteram
357 1043 423 1084 vero
438 1041 511 1104 quae
525 1021 619 1084 varias
632 1021 840 1084 instructiones
852 1021 1029 1093 continebat.
1048 1048 1087 1068 *-
1110 1026 1179 1084 Exs-

147 1137 217 1186 tant
232 1123 280 1186 illa
295 1123 467 1186 documenta
479 1123 508 1184 in
520 1125 626 1204 Repict.
639 1123 737 1186 Actor.
749 1126 832 1202 episc.
845 1124 895 1203 sol.
913 1127 970 1184 150
979 1135 1007 1184 et·
1018 1143 1077 1204 sqq.

189 1227 289 1290 Mente
307 1229 464 1304 septembri.
485 1225 607 1287 Horrida
626 1225 656 1288 in
670 1224 813 1306 gubernio
828 1223 1003 1308 reipublicae
1017 1223 1181 1296 Gallicanae

142 1328 312 1389 mutatione
326 1326 415 1398 lacta,
435 1326 559 1410 plurima
573 1327 722 1389 cuduntur
734 1327 849 1388 decreta
861 1325 1041 1408 justitiaene
1054 1325 1182 1389 libertati

143 1450 209 1492 non
232 1429 329 1491 minos
344 1450 429 1513 qnam
451 1429 585 1508 religioni
606 1427 720 1490 iniusta.
745 1431 822 1490 Haec
840 1427 917 1489 inter
937 1439 999 1490 erat
1018 1427 1181 1500 decretum,

142 1530 228 1614 quod
247 1531 338 1612 legem
357 1535 397 1592 dn
416 1535 433 1592 7
453 1532 645 1593 condiminire
661 1549 699 1591 on
718 1530 766 1593 Ν
780 1527 923 1610 integram
936 1526 1081 1611 ‘publicari
1100 1547 1183 1590 man-

143 1631 252 1704 dabat,
266 1631 467 1715 statuebntque
484 1643 517 1692 ut
530 1631 594 1694 loco
609 1630 714 1714 prioris
729 1629 947 1703 declarationis,
967 1629 1020 1692 luc
1033 1630 1098 1711 lege
1112 1649 1182 1691 eou-

143 1746 261 1806 tentae,
280 1754 296 1794 a
318 1732 395 1794 clero
416 1733 580 1814 exigeretur
595 1730 794 1814 jurameutum
817 1751 824 1792 t
847 1755 861 1788 ι
882 1729 996 1813 dejure
1014 1729 1099 1792 haine
1119 1735 1135 1794 t
1155 1729 1182 1791 la

144 1860 163 1894 a
193 1841 311 1917 royuutd
332 1848 360 1897 et
374 1839 390 1896 a
405 1835 575 1908 l'aoarchie,
591 1831 622 1898 et
636 1833 860 1896 attachenrentd
875 1835 902 1896 la
919 1831 1089 1916 republique
1103 1831 1182 1894 iran-

143 1960 163 1994 o
192 1935 267 2012 paise
280 1947 309 1997 et
324 1939 340 1996 d
355 1934 381 1996 la
393 1935 584 1998 constitution
600 1935 636 1998 de
649 1935 704 1996 l'an
719 1937 764 1995 lll.
789 1958 803 1991 a
1048 1935 1050 1941 ’

193 2040 257 2098 llox
270 2058 286 2098 a
300 2036 422 2098 vicariis
436 2035 620 2117 generalibus
635 2035 794 2097 resolutum
810 2033 866 2096 tuit
881 2034 1003 2117 impiam
1018 2033 1090 2096 illud
1101 2033 1183 2116 jura·

144 2151 281 2200 mentum
295 2137 434 2220 praestari
446 2157 504 2200 non
516 2136 690 2221 posse‚quod
701 2149 730 2198 et
739 2135 895 2198 declaravit
904 2135 1058 2199 cardinalis
1067 2136 1181 2203 Anchie-

144 2240 287 2324 piseopus
299 2238 512 2302 mechliniensis
529 2243 550 2300 ¹.
809 2239 811 2244 ’

193 2345 226 2402 tt
246 2342 488 2419 ejusdrrnmensis.
498 2338 705 2428 Quumpullus
716 2338 872 2400 incivitate
882 2338 1183 2421 nniverptensisecoe
1224 2369 1227 2376 =

144 2445 265 2508 doshoc
271 2444 471 2527 juramentum
483 2444 687 2526 praestitisset,
699 2443 794 2506 omnis
808 2443 1046 2526 publicanfunotio
1057 2457 1086 2505 et
1096 2465 1183 2506 omne

146 2547 328 2610 sacerdotale
338 2545 532 2608 ministerium
543 2565 653 2608 cessere
667 2546 839 2608 debuerunt.
854 2545 1036 2608 Clauduntur
1047 2547 1183 2608 ecelesiae

145 2647 300 2719 etsacella‚
309 2647 399 2708 inuno
407 2646 493 2708 etiam
502 2660 581 2708 extra
591 2647 736 2708 civitatem
748 2645 1066 2728 proscribuntorofficiu
1075 2647 1181 2710 divina.

193 2753 212 2809 9
237 2746 406 2810 novenbris.
432 2746 600 2810 Publieotur
624 2747 772 2810 decretum
798 2767 855 2830 quo
880 2745 954 2808 bona
978 2748 1132 2829 pastoralia
1156 2760 1185 2809 et

148 2851 232 2932 ipseo
245 2849 332 2910 etiarn
355 2848 505 2921 ecclesiae,
526 2868 675 2930 quaenon
693 2859 874 2929 occupantur
889 2867 938 2930 por
959 2843 1119 2910 sacerdotes
1134 2849 1183 2930 qui

145 2950 347 3034 juramentum
362 2953 425 3012 odii
437 2949 657 3031 praestiterunt,
673 2961 907 3032 sequestrantur„
919 2945 1043 3024 Quidam
1058 2950 1136 3012 eninr
1152 2950 1182 3012 in

148 3052 275 3114 dioecesi
294 3051 497 3134 dntverpiensi
516 3049 691 3134 presbyteri,
709 3052 838 3134 exemplo
856 3052 1057 3114 leodiensium
1073 3055 1183 3114 etTor-

149 3153 335 3226 cunensium,
349 3153 405 3214 hoc
416 3151 616 3234 juramentum
632 3154 747 3216 tandem
762 3154 974 3237 praestiterant.

194 3257 292 3318 Mense
307 3257 455 3317 docemini.
472 3254 578 3316 vicarii
594 3255 742 3336 generales
757 3254 905 3317 resolvunt
919 3275 976 3318 non
993 3247 1079 3318 licere
1094 3255 1185 3318 fideli-

151 3358 208 3420 bus
219 3379 284 3420 cnm
297 3357 403 3440 juratis
417 3356 633 3420 communicare
647 3358 677 3419 in
693 3357 815 3420 diviniso
998 3371 1000 3376 '
1170 3371 1171 3376 ’

193 3461 308 3521 Ineunte
322 3479 399 3520 anno
410 3461 502 3529 taes,
516 3457 612 3541 plures
624 3458 781 3541 presbyteri
795 3459 824 3521 in
839 3459 894 3520 lide
905 3470 1070 3521 constantes
1080 3479 1182 3543 oppre-
1273 3493 1275 3498 ·

151 3559 322 3622 lrcudontur
336 3580 350 3620 a
364 3557 468 3632 Gallis,
483 3558 559 3620 ultra
577 3558 666 3622 maria
678 3554 866 3643 deportandi,
878 3580 950 3641 quos
966 3560 1042 3622 inter
1060 3561 1185 3623 vicarius

151 3661 297 3744 generalis
314 3659 508 3730 Werbrouclt‚
530 3681 616 3744 quern
637 3661 743 3724 frustra
764 3660 850 3722 antici
870 3651 977 3722 hortati
1000 3660 1128 3735 lucrant,
1151 3673 1182 3722 ot

152 3765 222 3844 iuge
238 3762 366 3846 periculo
380 3782 411 3825 se
423 3755 609 3846 subduceret.¹

189 4007 197 4038 ¹
213 4001 260 4056 cir.
273 4006 325 4054 Van
338 4003 367 4054 de
378 4001 461 4069 Velde,
474 4001 583 4067 Sunopr.
596 4015 678 4067 mon,
692 4007 708 4052 t.
722 3999 758 4066 ll,
771 4015 794 4066 p.
807 4001 863 4052 lul.
