2990 4918
802 419 919 518 (88)

390 555 475 618 lnitio
503 556 682 629 novembris,
706 558 803 639 paucis
828 568 893 641 p'ost
915 580 995 624 suurn
1024 561 1271 640 consecrationem
1294 581 1373 622 men-

348 657 443 731 sibus,
469 658 627 720 lovanium
651 679 683 720 se
702 659 839 732 contulit,
865 660 914 722 ubi
940 681 990 743 per
1014 661 1171 723 Facultatis
1196 661 1373 742 theologicae

348 759 489 822 decanum
503 759 699 838 Christianum
715 761 899 824 Franciscum
915 763 1096 834 Terswaeck‚
1113 762 1316 825 Universitatis
1331 775 1373 824 to-

348 859 408 922 tins
425 861 559 934 nomine,
575 861 721 924 luculente
737 861 900 944 gratulatus
917 875 960 925 est
980 885 1032 946 pro
1052 863 1252 945 magnitudine
1278 885 1371 926 rerum

349 981 421 1042 quas
437 981 489 1042 pro
506 961 676 1024 Academiae
696 961 848 1044 splendore
868 976 1009 1044 gesserat,
1026 977 1054 1026 et
1071 984 1156 1045 porro
1170 977 1306 1046 gesturus
1323 985 1373 1047 pro

349 1062 486 1124 ecclesiae
496 1061 573 1126 bono
588 1084 646 1125 non
661 1063 857 1126 dubitabatur.
944 1116 946 1120 .

390 1165 470 1236 Quae
483 1164 665 1248 episcopatus
677 1165 722 1227 sui
737 1177 868 1247 tempore
880 1164 1024 1246 praeclare
1038 1164 1074 1226 ab
1089 1185 1122 1227 eo
1137 1178 1217 1246 gesta
1232 1185 1282 1227 seu
1297 1166 1376 1228 ordi-

350 1278 418 1326 nata
441 1277 523 1337 sunt,
544 1264 605 1348 jam
629 1265 730 1328 ordine
751 1265 957 1346 chronologico
981 1287 1145 1348 prosequar.
1171 1265 1272 1328 Plures
1297 1266 1375 1328 enirn

350 1365 557 1428 instructiones
582 1379 668 1449 atque
694 1367 908 1430 exhortationes
932 1388 965 1428 ex
988 1365 1203 1448 emergentibus
1227 1366 1322 1428 causis
1345 1367 1374 1428 in

350 1464 444 1528 lucem
468 1466 578 1539 emisit,
603 1466 890 1550 nullusqneelapsus
913 1475 956 1530 est
978 1487 1088 1538 annus,
1108 1487 1165 1549 qun
1191 1465 1289 1542 lideles
1310 1479 1376 1528 ante

350 1567 597 1650 quadragesimale
608 1566 753 1650 jejunium
764 1589 823 1630 non
838 1568 926 1630 luerit
940 1569 1095 1630 tenerrime
1108 1567 1284 1630 exhortatus.

392 1674 469 1732 1777
488 1673 533 1731 die
547 1673 585 1732 at
599 1673 748 1749 joouort'r'.
771 1669 977 1754 vasten-bullo.
1000 1705 1038 1716 -
1055 1677 1141 1732 Antv.
1165 1669 1241 1752 apud
1262 1671 1377 1748 Grange

351 1769 443 1844 in·d⁰,
460 1791 545 1854 pagg.
569 1776 622 1844 10,
642 1785 671 1834 et
690 1785 762 1854 part.
783 1776 821 1845 tl,
842 1794 870 1854 p.
888 1775 1007 1843 stu-53,
1027 1773 1057 1832 in
1080 1771 1220 1854 praesulis
1242 1771 1378 1833 Generulr'

350 1892 468 1951 operum
491 1877 662 1945 collectione,
682 1894 741 1935 uno
754 1872 810 1935 varl.
831 1873 921 1935 in·d⁰
939 1873 1113 1955 hntverpiae
1129 1884 1177 1934 an.
1199 1875 1278 1935 l'l8d
1301 1871 1377 1955 apud

350 1971 503 2054 Spanoghe
522 1973 611 2046 edita,
633 1974 661 2034 in
684 1994 739 2056 qua
758 1986 853 2036 tamen
872 1973 1072 2036 desiderantur
1092 1971 1306 2034 exhortationes
1323 1976 1378 2032 Lo·

351 2073 430 2136 uanii
441 2073 555 2137 habitae
566 2075 595 2135 in
608 2073 730 2156 collegio
746 2073 931 2147 Hollandico,
944 2074 1091 2157 dequibus
1104 2073 1314 2156 supradictum
1325 2083 1377 2134 est.

392 2179 533 2238 Smertai.
549 2174 728 2258 Herdelylren
744 2175 822 2237 brief
832 2176 964 2259 nopende
982 2176 1017 2238 de
1033 2173 1185 2258 pauselyhe
1201 2173 1377 2246 benedictie,

351 2298 387 2339 en
402 2277 438 2338 de
457 2275 647 2357 nastgestelde
668 2277 760 2358 dagen
774 2297 889 2359 waecop
908 2277 1021 2339 dezelre
1042 2276 1083 2338 cal
1104 2295 1232 2358 gegeven
1249 2276 1377 2337 worden.

352 2379 441 2458 Pagg.
461 2381 498 2440 19
514 2379 589 2438 in-40
604 2389 632 2438 et
649 2378 680 2438 in
695 2377 806 2438 collect.
822 2398 869 2459 op.
884 2390 956 2459 part.
974 2381 1013 2448 ll,
1029 2398 1056 2461 p.
1072 2381 1174 2439 51-(10.
1188 2379 1219 2438 ln
1235 2375 1289 2438 hac
1303 2377 1379 2459 epis·

352 2477 411 2540 tola
426 2477 564 2540 inseritur
585 2477 670 2538 breve
692 2477 735 2539 Pii
750 2481 785 2539 l'l
800 2477 835 2540 de
853 2477 900 2540 die
915 2484 951 2540 17
968 2477 1034 2560 julii
1055 2483 1147 2548 1776,
1170 2499 1228 2559 quo
1250 2477 1377 2559 pontifex

352 2580 487 2661 episeopo
508 2578 672 2640 facultatem
695 2577 815 2651 lecerat,
834 2592 867 2641 ut
881 2579 926 2640 bis
940 2582 970 2640 in
987 2601 1065 2641 anno
1078 2579 1309 2642 benedictionem
1328 2600 1378 2662 pa-

353 2681 445 2764 palem
458 2701 524 2742 curn
537 2679 717 2760 indulgentia
729 2679 856 2762 plenaria
867 2679 974 2763 populo
986 2679 1128 2761 impertiri
1140 2691 1244 2762 posset.

395 2785 408 2842 1
426 2787 508 2843 niati.
524 2780 770 2861 Belentmaeking
784 2780 833 2842 dat
844 2801 876 2842 er
891 2780 920 2842 in
936 2781 1018 2842 deese
1031 2781 1093 2842 stad
1109 2782 1306 2863 (antwerpen)
1322 2800 1377 2842 van

352 2904 468 2966 wegens
478 2887 508 2944 Z..
523 2887 556 2944 K.
568 2903 603 2944 en
615 2886 647 2944 ll.
659 2882 808 2966 Majesteyt
818 2904 869 2945 een
884 2883 1053 2965 pensionaet
1063 2882 1096 2946 ol
1105 2883 1377 2966 persicon-collegio
1494 2918 1495 2923 κ

353 2985 394 3047 zal
409 2985 691 3068 opgeregtworden,
707 2998 766 3047 met
780 2985 903 3048 aenzoelr
919 3005 972 3048 aen
985 2986 1095 3066 degene
1104 2977 1196 3048 welle
1209 2996 1254 3047 tot
1266 2997 1378 3048 orente

352 3086 387 3148 ol
396 3085 592 3148 leermeesters
606 3084 819 3168 bequaemheyd
834 3084 962 3157 hebben,
977 3087 1024 3168 aig
1042 3086 1072 3148 in
1090 3085 1139 3148 het
1152 3085 1265 3148 bisdom
1279 3098 1376 3152 aente·
1494 3066 1495 3135 Ῑ

351 3205 451 3268 geven.
464 3187 525 3249 Fol.
541 3198 608 3267 pata
623 3185 702 3248 deest
714 3185 743 3248 in
755 3186 866 3248 collect.
880 3197 927 3269 op.
1227 3199 1231 3206 ’

394 3289 456 3350 llnc
469 3306 546 3348 anno
563 3291 640 3348 1777
656 3285 769 3368 praesul
784 3287 924 3350 Viennam
940 3286 1148 3368 proficiscitur,
1163 3287 1231 3350 inde
1244 3287 1377 3350 Venetiae

353 3407 388 3450 ac
412 3387 529 3450 demum
555 3391 676 3450 Romam
698 3389 786 3450 venit.
807 3392 839 3450 ln
864 3388 995 3470 Belgium
1014 3389 1142 3462 rediens,
1162 3389 1314 3454 Mediolani
1341 3387 1376 3450 nd

352 3491 382 3551 S.
394 3488 488 3552 Caroli
504 3489 668 3552 Bnrromaei
683 3490 867 3572 sepulchrum
877 3489 1143 3564 ferventiusorans,
1155 3490 1242 3573 hujus
1255 3489 1376 3552 sanctis·

351 3589 418 3653 simi
431 3589 569 3672 praesulis
580 3591 683 3674 spiritu
696 3592 813 3674 repleri,
828 3589 925 3653 oblate
937 3592 1041 3654 missae
1054 3591 1211 3663 sacrificio,
1228 3590 1376 3653 humiliter

350 3690 498 3774 poposcit:
514 3690 591 3774 quod
605 3705 633 3754 et
651 3691 812 3755 obtinuisse
829 3704 951 3754 testatur
966 3692 1117 3774 pastoralis
1131 3692 1180 3754 illa
1195 3691 1372 3765 sollicitudo,

352 3813 408 3877 qua
421 3793 560 3855 continuo
574 3793 688 3856 claruit.

395 3897 595 3960 1778111120
616 3901 740 3978 ottpusti.
760 3894 954 3980 Herderlplaen
975 3893 1053 3958 brief
1070 3907 1113 3960 tot
1137 3895 1302 3980 instellinge
1322 3915 1373 3957 ran
