2978 4916
741 443 884 538 (aaa)

300 581 393 642 tribus
412 583 626 664 antiquioribus
645 582 816 644 Brabantiae
834 582 1017 664 beggiuagiis
1034 604 1095 645 esse
1115 583 1254 646 creditur.
1278 587 1331 644 67-

299 683 461 745 nelactores
479 683 580 745 habuit
593 684 729 766 Aleyderu
746 684 899 768 conjugem
917 685 1036 747 Henrici
1057 689 1093 747 lll
1107 697 1136 748 et
1151 689 1294 748 loannem
1309 689 1331 746 l.

298 783 449 866 Templum
466 783 637 846 hodiernum
650 785 802 867 pulchrum
820 795 849 846 et
864 784 1038 848 artificiosae
1053 797 1217 849 structurae
1229 787 1330 847 aedifi-

299 883 357 944 cari
371 896 505 967 coeptum
518 896 561 946 est
575 904 653 946 anno
668 888 759 956 7667,
779 896 896 968 excepto
915 885 1098 969 frontispicio
1117 907 1195 949 anno
1211 887 1332 948 tandem

301 987 377 1046 7767
392 983 529 1067 perlecto.
550 987 678 1048 Exeunte
697 979 811 1048 saec'ulo
828 985 1091 1058 XVlll,ecclesiam
1108 987 1331 1048 destructionia

298 1084 388 1146 Gallis
402 1084 547 1147 addictam
564 1095 695 1147 aere'sno
709 1099 879 1148 coemerunt
891 1086 955 1168 piae
965 1107 1079 1148 sorores
1091 1087 1180 1148 Maria
1193 1099 1223 1149 77
1238 1085 1331 1148 Elisa-

299 1185 383 1246 betha
394 1186 518 1248 Sanders
530 1186 687 1268 begginm,
702 1207 822 1269 eamque
836 1186 927 1248 cultui
942 1187 1041 1249 divino
1056 1200 1274 1250 conservarunt.

338 1291 367 1348 5.
389 1285 612 1350 Η7777777777077
625 1286 687 1370 jam
705 1307 722 1348 a
741 1287 856 1350 saeculo
873 1287 1090 1350 decimotertio
1108 1288 1278 1350 institutum
1294 1287 1330 1348 ab

297 1386 442 1460 bruoldo‚
459 1399 560 1448 curato
580 1386 716 1449 eeclesiae
731 1385 981 1460 7777777777777777,
999 1407 1078 1449 anno
1094 1391 1170 1450 7597
1186 1389 1262 1450 intra
1277 1408 1331 1469 op-

298 1487 359 1571 pidi
380 1487 494 1550 moenia
519 1499 711 1552 restauratum
736 1486 807 1560 luit,
833 1488 1031 1572 templumque
1055 1500 1120 1571 post
1142 1488 1217 1551 duos
1237 1507 1333 1552 annos

298 1589 468 1672 perlectum.

338 1695 367 1753 l.
388 1691 627 1753 Turnbautanum
646 1711 703 1751 non
726 1690 823 1752 minus
843 1689 996 1773 antiquum
1016 1701 1072 1762 est,
1094 1688 1211 1772 speciali
1232 1687 1333 1752 favore

297 1795 463 1876 principum
484 1814 518 1855 ac
536 1814 668 1855 sororum
686 1797 813 1856 Ioannae
836 1793 1007 1856 Brabantiae
1028 1793 1160 1855 ducissae
1178 1803 1207 1854 et
1223 1793 1333 1854 llariae

298 1895 410 1958 Gelriae
424 1893 554 1956 ducissae
571 1905 688 1954 anctum
701 1913 768 1954 ann.
782 1897 860 1956 7579
872 1905 901 1955 77
916 1897 1025 1956 75997.

339 1999 366 2056 5.
391 1997 637 2075 lloogstretanum
660 1993 768 2076 pariter
786 1995 938 2076 antiquum
958 2005 1011 2056 est.
1033 1992 1126 2075 Hujus
1147 1993 1241 2075 prima
1263 1991 1333 2054 lun-

298 2097 377 2160 777770
399 2096 524 2160 refertur
546 2097 582 2158 ad
603 2116 650 2158 an.
674 2099 766 2166 77577,
793 2115 849 2176 quo
873 2095 989 2158 circiter
1011 2107 1140 2176 tempore
1159 2093 1334 2155 Franciscus

299 2186 504 2262 Osternantius
518 2197 647 2260 aedificia
662 2197 751 2260 auxit.
765 2196 884 2260 isabella
899 2199 1091 2276 lloogstratae
1105 2194 1238 2266 domina,
1259 2216 1333 2258 uxor

298 2300 418 2364 Antonii
435 2299 563 2369 77777777,
577 2318 624 2360 ao.
642 2301 719 2362 1550
732 2298 843 2361 curiam
857 2317 941 2360 muro
955 2297 1059 2368 cinxit,
1073 2296 1186 2378 aliaque
1195 2296 1333 2378 begginis

299 2399 437 2460 beneficia
450 2398 584 2462 contulit.

339 2503 367 2562 6.
390 2499 553 2560 Bradanum
569 2520 584 2559 a
599 2498 774 2560 blachthilde
786 2498 904 2559 domina
918 2498 953 2560 de
969 2485 1167 2568 Diest,'uxore
1181 2497 1331 2559 Godelridi

299 2599 410 2662 domini
435 2600 471 2661 de
496 2600 602 2672 Breda,
628 2600 795 2662 institutum
820 2602 897 2663 eirca
922 2620 968 2660 an.
996 2603 1089 2671 7950,
1114 2597 1201 2659 variis
1225 2599 1333 2660 deinde

300 2700 447 2762 beneficiis
460 2721 476 2761 a
491 2699 600 2762 Bredae
614 2700 743 2783 dynastis
758 2699 898 2762 donatum
913 2701 989 2761 est&

691 2919 726 2957 tv,
753 2903 938 2956 Burarrrtrtae.

339 3057 417 3122 Olim
442 3057 606 3120 babuerunt
632 3056 839 3120 monasterium
869 3057 898 3118 in
924 3057 987 3118 7700
1016 3055 1051 3118 de
1077 3056 1223 3136 llislragen
1247 3056 1331 3138 jrrxta

299 3159 485 3241 antverpiam
507 3157 562 3220 sub
582 3157 713 3220 dominio
735 3157 922 3242 Ecckereusi,
943 3157 1020 3241 quod
1041 3156 1129 3238 vulgo
1152 3157 1234 3236 Syna
1251 3156 1331 3219 dice-

298 3259 392 3322 batur.
417 3258 582 3322 Fundatnm
604 3258 675 3321 illud
700 3257 794 3341 primo
820 3259 964 3322 lucratio
990 3259 1094 3340 Anglia
1116 3278 1164 3320 an.
1190 3261 1269 3324 7776
1294 3260 1330 3322 ab

300 3361 426 3423 ilenrico
448 3363 470 3422 V
488 3361 648 3442 Arrglorum
668 3379 744 3441 rege.
766 3360 825 3424 Sub
847 3361 972 3424 llenricn
990 3364 1066 3434 Vlll,
1084 3361 1150 3422 lidei
1169 3360 1331 3424 catholicae

299 3462 381 3523 boste
409 3461 619 3536 infensissimo,
648 3462 788 3526 moniales
815 3461 933 3526 domurn
962 3474 991 3524 et
1016 3461 1138 3545 patriam
1164 3462 1331 3546 relinquere

299 3573 414 3623 coactae
431 3561 527 3623 sedem
548 3583 637 3644 prope
655 3563 841 3646 Antverpiam
861 3562 994 3626 fixerunt.
1012 3563 1088 3625 Hinc
1105 3563 1200 3625 denuo
1219 3562 1250 3624 in
1271 3567 1331 3625 tlu-

299 3661 388 3743 gliarn
413 3682 543 3725 reversae
564 3674 645 3736 sunt,
669 3675 809 3744 regnante
830 3664 935 3734 Maria,
959 3663 1150 3729 demandato
1172 3662 1330 3726 cardinalis

333 3862 341 3892 ¹
360 3860 496 3924 Diplomata
508 3861 581 3913 refert
593 3865 625 3914 Le
637 3866 701 3930 Ray,
712 3879 752 3929 op.
762 3863 801 3914 eit.
813 3881 837 3929 p.
849 3864 906 3914 nat.

333 3945 341 3973 ²
359 3946 417 3996 Vide
429 3947 560 4011 diplomata
570 3949 633 4014 apud
646 3949 776 4015 Muscam,
789 3958 847 4000 tom.
858 3952 879 4017 l,
892 3965 930 4014 pp.
942 3949 989 4000 767
1001 3951 1090 4000 77775,
