3034 4908
816 483 828 574 (
855 478 926 552 260
952 483 965 575 )

375 637 422 679 an.
441 619 513 679 tbot
532 629 561 677 et
578 617 656 678 lton
674 619 697 675 ¹.
715 618 800 676 Anno
820 627 915 677 autem
937 616 1015 676 libb
1036 615 1094 676 dux
1114 612 1286 679 Brabantiae
1300 619 1399 679 ilenri-

374 739 424 780 cus
438 721 449 778 l
463 717 616 778 cunlirmat
627 715 740 798 praedia
753 717 783 777 in
799 717 984 796 Millenpbem
995 714 1030 776 ab
1045 717 1172 779 Antonin
1186 730 1215 778 et
1229 717 1293 799 ejus
1305 718 1400 780 iratri—
1506 789 1507 796 ἵ

373 819 439 890 bus,
461 817 603 880 militibus
620 818 655 879 de
673 815 836 888 Bunseelte,
855 838 934 878 more
952 819 1091 880 nobilium
1112 818 1257 898 resignata
1278 818 1315 882 ad
1335 839 1401 880 usus
1506 839 1507 870 ὲ

373 918 579 980 canonicorum
595 917 846 998 Autverpicnsium
859 919 884 979 ².
1506 977 1507 1012 3

411 1023 535 1082 Jaannes
549 1021 610 1080 Van
624 1019 770 1092 Hecaben,
781 1037 878 1100 eques,
893 1017 943 1100 qui
956 1015 1055 1080 llcruit
1070 1038 1116 1080 an.
1130 1023 1219 1092 taen,
1234 1041 1302 1082 cum
1317 1041 1402 1082 nxcre
1506 1029 1507 1108 ff

372 1141 422 1184 sua
437 1121 484 1182 lda
499 1123 561 1183 Van
577 1120 727 1184 Steeulaut
738 1119 877 1184 iuudavit
895 1119 925 1181 in
946 1119 1076 1182 ecclesia*
1087 1119 1243 1203 parochiali
1261 1120 1299 1184 de
1312 1125 1402 1184 Ranst

372 1223 429 1283 duc
449 1223 549 1283 altaria
574 1233 603 1284 ct
627 1223 748 1284 totidem
774 1219 961 1304 capellanias,
987 1241 1074 1303 quam
1099 1221 1300 1286 fundationem
1326 1244 1401 1285 auno

373 1326 451 1386 lbbl
465 1323 648 1386 confirmavit
661 1322 832 1385 Brabautiae
846 1323 959 1384 ducissa
972 1325 1092 1384 Jcauna.
1506 1327 1507 1334 ’

412 1425 567 1488 Paraebiae
578 1425 705 1488 decimae
717 1423 1106 1508 olim'snerun't'tripartitam
1118 1443 1176 1485 uua
1187 1423 1222 1486 ad
1233 1426 1399 1508 episcopum
1506 1481 1507 1484 ,

371 1528 633 1609 Antuecpiensem,¹
646 1525 735 1588 altera
755 1525 791 1586 ad
816 1524 987 1608 parcebam,
1012 1526 1098 1588 tertia
1122 1525 1164 1596 ad¹
1177 1529 1318 1588 loannem
1339 1529 1400 1590 Ste-

371 1628 499 1711 phanum
512 1628 643 1712 Spinola‚
659 1627 811 1692 dominum
825 1627 861 1688 de
874 1625 974 1697 Retbi,
988 1625 1136 1708 spectabat
1151 1647 1185 1689 ec
1199 1639 1336 1710 tempore
1345 1648 1399 1710 quo
1506 1625 1507 1630 ’

370 1735 410 1793 Le
423 1733 487 1812 Ray
499 1731 641 1802 Notitiam
655 1731 879 1793 Marabicaatas
899 1727 1001 1790 edidit.
1023 1729 1094 1789 Pars
1112 1727 1240 1810 episcopi
1258 1726 1331 1790 clim
1346 1728 1399 1790 luit
1506 1729 1507 1736 ’

370 1830 491 1896 Arncldi
505 1831 542 1894 da
555 1833 662 1902 Ranst,
677 1829 727 1911 qui
741 1849 804 1891 eam
818 1828 948 1901 uendidit
962 1828 1137 1910 Engelbertn
1157 1829 1192 1891 dc
1206 1828 1369 1910 Wcllgate.
1383 1851 1398 1892 a

372 1952 428 2015 quc
450 1930 553 2002 collata
570 1930 627 2004 luit
643 1931 820 1994 manasterio
840 1930 869 1991 S.
888 1929 1047 2006 bernardi,
1064 1929 1140 2013 quod
1163 1929 1238 1992 banc
1259 1929 1397 1993 decimam

372 2053 488 2104 mensae
504 2032 661 2116 episcopali
680 2031 848 2114 assignavit.

339 2145 341 2150 '
406 2137 586 2204 Personatus
599 2132 736 2198 ecclesiae
749 2131 905 2194 seminario
919 2131 1074 2214 episcopali
1093 2135 1179 2195 antu.
1199 2131 1397 2214 incorporatus
1506 2187 1507 2208 ,

373 2232 441 2308 init,
456 2247 585 2316 utsupra
600 2255 628 2317 p.
642 2237 699 2296 l03
710 2234 822 2297 dictum
836 2244 890 2296 ast.

741 2396 781 2446 nt.
799 2396 1036 2448 §sarracenae
1114 2393 1116 2400 '

411 2519 576 2604 Capitulum
601 2522 858 2606 metropolitanum
883 2521 1089 2584 Mechlinicnsc
1103 2503 1277 2584 ¹conferebat
1301 2544 1398 2586 curam

372 2621 543 2705 pastoralem
559 2621 710 2700 ecclesiae,
735 2623 785 2684 SS.
805 2626 892 2685 Petro
910 2635 938 2684 et
955 2623 1045 2687 Paulo
1069 2641 1179 2697 saonae,
1198 2623 1229 2685 in
1246 2645 1337 2708 ¹quam
1354 2625 1400 2687 dle

372 2726 412 2795 24
425 2734 498 2806 sept.
520 2725 599 2788 toea
619 2722 756 2806 reliquiae
776 2726 806 2787 S.
825 2723 930 2808 buclae
945 2723 1067 2786 solemni
1088 2723 1146 2786 ritu
1163 2724 1321 2787 translatae
1333 2739 1399 2788 suut

372 2845 405 2894 ex
418 2824 522 2888 sacello
537 2825 624 2887 castri
636 2825 769 2897 dobner,
785 2825 862 2901 intra
876 2824 1003 2907 ejusdem
1018 2824 1170 2906 parochiae
1184 2825 1328 2909 ambitum
1343 2826 1399 2890 siti.

780 2989 818 3036 25.
837 2989 950 3038 Senrnnn.
968 2989 994 3037 C.
1032 3036 1033 3059 p

413 3107 534 3189 Abbatia
545 3107 768 3190 affligemiensis
779 3108 919 3191 majorem,
934 3107 1016 3170 fundi
1029 3120 1139 3191 partem
1154 3102 1321 3191 possidebat
1335 3132 1398 3173 cum
1506 3123 1507 3158 ἐ

369 3195 435 3291 jure
449 3188 612 3270 collalibnis
629 3229 715 3271 cunae
737 3208 900 3292 pastoralis,
921 3209 966 3272 vel
981 3209 1057 3271 donc
1075 3209 1119 3271 vel
1139 3209 1296 3292 emptionis
1314 3211 1399 3273 titulo
1506 3223 1507 3296 ξ

372 3308 483 3398 pridem
497 3309 677 3393 acquisitam.
692 3311 810 3391 Legitur
824 3312 902 3371 enim
915 3310 944 3371 in
960 3294 1118 3392 diplomate
1132 3309 1214 3370 ducis
1229 3310 1400 3398 Brabantiae
1506 3337 1507 3396 ]

373 3407 491 3472 Haurici
503 3414 513 3470 l
523 3431 569 3473 an.
584 3415 669 3483 ttae,
682 3410 758 3492 quad
771 3400 892 3491 Siberus
904 3415 938 3472 do
951 3410 1091 3474 Cononem
1101 3431 1182 3472 omne
1188 3417 1399 3490 patrimonium
1506 3437 1507 3476 ι

371 3531 467 3582 suam,
483 3517 558 3591 pand
571 3501 688 3573 babebat
702 3513 782 3591 apud
797 3513 936 3577 Croeaem
950 3525 974 3574 et
989 3513 1123 3584 Scittam,
1143 3515 1273 3574 ecclesiae
1286 3516 1399 3596 Afflipe-
1506 3549 1507 3590 ᾗ

372 3617 474 3672 micasi
486 3613 602 3674 dederit.
618 3614 648 3672 ln
664 3607 720 3672 alic
734 3612 861 3692 ejusdem
878 3612 959 3674 ducis
977 3609 1134 3694 'diplomate
1154 3632 1200 3673 an.
1219 3615 1297 3674 lbll
1312 3613 1399 3674 habe·
1506 3591 1507 3666 l

373 3725 434 3786 tur,
450 3713 525 3794 qnod
536 3711 661 3802 ¹Epidius
675 3712 710 3775 de
726 3711 926 3795 Campenhaut
939 3712 1101 3774 vendiderit
1114 3713 1208 3774 eidem
1222 3715 1399 3776 monasterio
1506 3719 1507 3798 ᾗ

275 3963 277 3969 ¹
406 3899 414 3928 ¹
433 3861 501 3964 Apud
513 3901 642 3970 ldiraeum‚
658 3911 715 3953 tam.
728 3904 751 3968 l,
761 3917 784 3965 p.
798 3903 854 3954 295.

360 4059 362 4062 Ι
405 3989 416 4019 ¹
434 3987 491 4058 lbid.
505 3985 529 4054 p.
542 3985 598 4038 296.
