3012 4912
565 526 691 629 (⁷5)

20 631 21 690 ᾖ
117 667 260 734 Ambrosii
280 667 395 752 Capella
417 667 567 752 ampliato,
587 689 694 732 norum
715 667 827 732 addidit
845 666 1043 754 splendorem,
1058 663 1142 731 noris

20 831 21 834 ,
117 770 234 835 aedibus
254 793 288 834 ac
307 769 420 852 legibus
437 783 467 834 et
483 771 595 834 duobus
616 785 728 854 praeter
745 772 902 856 praesidem
924 785 952 834 ct
969 771 1141 834 canonicum

20 947 21 960 χ
118 872 307 955 theologalem
322 871 532 955 professoribus
548 873 708 956 theologiae
722 874 896 935 constitutis.
909 872 1070 957 Aliquando
1082 892 1142 933 urc-

117 974 263 1036 ditabatur
273 995 378 1036 uorum
391 974 476 1036 etiarn
489 972 626 1058 palatium
638 975 798 1060 episcopale
807 988 985 1046 construerc;
997 974 1046 1036 sed
1057 973 1144 1035 obsti·

117 1075 184 1137 tisse
206 1074 314 1137 dicitur
336 1075 495 1158 capitulum
515 1075 686 1137 cathedrale.
707 1077 826 1138 Interim
849 1077 878 1138 iu
903 1075 1008 1159 oppido
1031 1078 1144 1158 Lyrauo

20 1243 21 1246 ,
116 1177 199 1240 aedes
214 1197 302 1238 nurus
316 1175 369 1238 sibi
385 1175 530 1260 adaptavit
544 1177 684 1258 orologio
698 1177 829 1240 abbatiae
842 1181 871 1240 S.
887 1176 1035 1240 Bernurdi.

156 1280 240 1341 Circa
262 1278 449 1340 seminarium
474 1292 637 1362 pastorum,
663 1278 699 1341 ab
722 1280 874 1342 Ambrosio
899 1278 1014 1363 (lupello
1040 1278 1144 1340 sunda·

120 1391 178 1442 tum
195 1383 254 1458 (l),
270 1379 347 1440 inter
360 1379 564 1442 Sierstorlhum
581 1393 609 1442 et
625 1393 766 1464 pastores,
780 1402 812 1442 ex
827 1401 883 1443 unu
898 1392 991 1464 parte,
1007 1391 1036 1442 et
1050 1380 1145 1464 pruvi-

20 1479 21 1556 s
118 1501 195 1542 sores
218 1479 412 1552 fundationis,
438 1501 471 1542 ex
499 1481 587 1544 ultera
606 1494 711 1566 parte,
737 1484 885 1546 contentio
906 1495 969 1546 ortu
990 1495 1043 1544 est.
1069 1482 1145 1544 Hinc

120 1584 156 1644 l8
166 1581 234 1663 julii
252 1585 332 1644 l'llb
344 1581 400 1643 latu
420 1582 475 1644 luit
488 1584 630 1645 sententia
646 1583 675 1644 iu
691 1605 825 1667 supremo
846 1583 1015 1646 Brubuutiae
1032 1595 1145 1656 senatu,

119 1704 172 1767 qua
183 1684 265 1766 prior
275 1682 379 1746 domus
390 1683 593 1765 (vulgoRosa),
606 1707 671 1747 cum
684 1686 818 1748 omnibus
828 1687 863 1749 ud
875 1707 937 1748 eam
950 1685 1147 1770 spectantibus

20 1829 22 1850 ÷
120 1783 292 1854 mobilibus,
303 1782 384 1866 jussu
396 1798 439 1845 est
453 1784 568 1846 dicendi
583 1785 629 1847 nel
644 1785 762 1856 elocari,
781 1788 898 1869 ipsaque
912 1786 1041 1847 fundatio
1053 1798 1147 1847 truns-

20 1959 21 1976 3
119 1884 174 1947 lata
197 1884 233 1946 ud
256 1884 441 1947 seminarium
462 1886 638 1969 episcopale,
660 1886 708 1947 nbi
730 1900 858 1970 pastores
880 1887 1031 1950 duodecim
1054 1900 1146 1949 aetate

120 1987 247 2069 provecti
260 1985 414 2056 alerentur,
428 1986 520 2069 iisque
530 1987 731 2049 delicientibus
742 1990 947 2072 vice-pastores
957 2001 1007 2050 aut
1020 1987 1146 2069 theologi

120 2087 242 2148 emeriti.
257 2085 329 2148 Vide
342 2087 514 2148 senteutiam
529 2087 605 2170 apud
621 2091 804 2157 Dierccsens.
821 2101 841 2150 t.
853 2092 901 2152 Vll
918 2111 945 2171 p.
961 2093 1019 2152 599
1030 2101 1059 2150 et
1069 2109 1148 2172 seqq.

159 2191 239 2250 titt
252 2190 297 2248 die
310 2191 350 2248 50
362 2192 533 2268 septembris.
548 2189 739 2252 Sierstorilius
750 2189 877 2273 publicat
889 2190 1046 2274 jubilaeum
1062 2210 1149 2272 geue·

120 2289 177 2350 rule
191 2311 207 2350 a
221 2287 378 2350 Benedicto
392 2291 452 2351 lllll
467 2311 644 2352 concessum.

20 2377 22 2384 ¹
158 2393 268 2454 Eodem
281 2411 367 2454 uerno.
384 2391 550 2455 Mandatum
566 2407 667 2455 contra
681 2414 765 2456 usum
777 2413 935 2456 comarum.

159 2497 239 2557 1725
253 2499 299 2556 dic
312 2497 331 2556 l
345 2498 460 2574 aprilis.
476 2494 628 2558 Ordinatio
640 2495 674 2558 de
685 2495 891 2560 sanctificando
904 2495 950 2557 die
963 2495 1108 2558 dominico
1119 2508 1149 2560 et

119 2596 310 2658 concionibus
322 2595 470 2659 habendis.

160 2702 239 2760 1797
257 2701 303 2759 die
321 2701 360 2761 99
381 2702 495 2778 aprilis.
516 2698 644 2782 injungit
659 2699 836 2783 pastoribus,
852 2712 884 2761 ut
899 2699 1062 2763 educationi
1078 2722 1149 2784 pau·

21 2871 23 2878 Ι
118 2819 219 2884 perum
234 2820 388 2882 puerorum
405 2800 569 2874 intendunt,
582 2815 610 2865 et
625 2802 864 2886 eleemosynarios
876 2802 1065 2873 admoueant,
1081 2824 1147 2866 casu

120 2921 175 2983 quo
190 2901 266 2963 male
282 2913 453 2964 tractantur.

160 3003 211 3064 Vir
225 3003 323 3083 magni
338 3003 427 3064 aniuri
445 3018 473 3066 et
488 3024 593 3088 aequae
607 3007 727 3075 mentis,
740 3005 769 3067 iu
785 3005 870 3068 rebus
881 3004 979 3066 arduis
992 3025 1050 3066 nou
1065 3025 1148 3067 secus

21 3127 23 3184 ss
119 3123 151 3164 ac
165 3104 326 3186 prosperis,
349 3104 465 3166 taudem
487 3105 656 3186 languorem
671 3108 827 3177 contraxit,
849 3119 878 3170 et
897 3107 974 3168 lenta
994 3105 1059 3168 tabe
1080 3125 1150 3166 con-

21 3277 22 3282 *
120 3201 212 3265 sectus
232 3216 285 3266 est.
305 3204 386 3266 Obiit
406 3206 579 3288 butrerpiae
594 3205 642 3267 die
657 3210 695 3268 te
710 3205 837 3268 octobris
853 3210 943 3278 1797,
959 3226 1035 3268 anuo
1049 3205 1152 3267 aetatis

21 3327 22 3336 ¹
120 3304 298 3384 sexagesimo
311 3304 414 3387 primo.
426 3305 594 3368 Orationem
607 3306 756 3368 funebrem
769 3307 840 3369 dixit
853 3306 1002 3369 Gisbertus
1011 3306 1151 3390 losepbus

21 3383 22 3474 ἶ
124 3405 262 3487 liughcn,
277 3407 306 3468 S,
322 3409 353 3468 F.
371 3409 400 3468 L.
417 3407 445 3467 iu
461 3407 540 3470 acad.
558 3410 624 3470 lov.
641 3430 754 3491 praeses
769 3409 882 3491 collegii
897 3408 1076 3472 Mulderiani.
1112 3419 1114 3422 ’

159 3506 301 3568 Subortas
314 3506 497 3570 difficultates
512 3509 623 3572 ratione
636 3511 820 3575 haereditatis
837 3512 927 3594 ipsius
942 3511 1057 3573 tandem
1071 3531 1150 3572 com-

122 3609 220 3690 posuit
234 3628 311 3669 anuo
328 3613 406 3672 trto
420 3610 573 3672 consilium
590 3612 775 3685 Brabantiae,
791 3614 934 3697 simulque
949 3613 1152 3676 determinavit

121 3727 173 3790 pro
193 3709 310 3781 ficturo,
325 3709 361 3770 acl
383 3729 452 3792 quus
473 3714 696 3778 restaurationes
714 3715 840 3803 episcopi
861 3736 997 3780 eorumve
1017 3713 1151 3778 haeredes

124 3821 270 3872 tenentur.

151 4069 187 4135 (1)
203 4068 257 4121 Vid.
269 4083 337 4142 supr,
348 4085 371 4144 p.
383 4071 416 4121 66
428 4072 457 4123 ad
467 4086 506 4124 au.
517 4072 589 4146 tort,
