2990 4918
109 650 210 692 sensus
224 628 319 702 detur,
337 628 451 714 praevie
469 641 564 694 tamen
582 629 768 694 scribendum
782 650 845 692 esse
859 631 894 692 ad
909 629 1061 706 absentes,
1075 653 1138 696 eos-

108 753 163 816 que
177 732 381 795 convocandos
396 731 431 794 ad
447 733 607 814 proximam
622 733 878 814 congregationem
894 733 941 796 die
956 739 993 796 tt
1008 733 1137 817 ejusdem

108 833 217 895 mensis
231 831 403 895 habendam.
418 835 450 893 ln
465 833 554 894 altera
568 833 621 894 lrac
641 833 868 914 congregatione
886 832 922 894 ab
937 835 1073 897 omnibus
1092 836 1137 897 vel

107 935 216 1019 scripto
229 934 274 997 vel
289 935 351 998 viva
362 953 432 997 voce
444 935 529 997 datus
540 949 583 998 est
594 955 768 1007 eonsensum
791 945 932 997 statutum
947 935 1034 998 etiam
1053 949 1085 998 ut
1106 936 1137 999 in

108 1037 216 1109 literis,
234 1036 270 1098 ab
288 1035 424 1099 omnibus
437 1035 657 1118 subsignanos,
671 1038 791 1098 Summo
806 1035 941 1100 Pontifici
956 1035 1139 1099 exhiberetur

108 1158 239 1202 mensam
258 1137 449 1220 episcopalem
471 1149 500 1200 et
520 1136 679 1219 capitulum
696 1157 761 1199 nere
775 1136 870 1199 alieno
892 1149 1044 1218 gravatum
1064 1158 1139 1210 esse,
1225 1151 1227 1154 ’

109 1253 142 1302 nt
161 1239 233 1302 adeo
251 1259 303 1302 sua
321 1238 464 1302 Sanctitas
485 1238 655 1320 dignaretur
673 1238 702 1300 in
721 1237 895 1300 concordate
916 1259 982 1301 curn
996 1239 1140 1320 gubernio

106 1340 256 1403 Gallicano
266 1339 408 1403 rationem
421 1339 526 1402 habere
536 1339 722 1403 creditorum.
734 1342 854 1401 Exstant
866 1339 965 1402 literae
975 1339 1005 1400 in
1016 1343 1138 1422 depietr.

109 1453 173 1507 Act.
184 1446 270 1524 episc.
283 1444 336 1522 sol.
350 1461 378 1504 u.
390 1445 438 1505 te.

147 1545 317 1615 Caeterum,
339 1554 371 1604 nt
391 1554 504 1605 constat
524 1561 558 1603 ex
580 1541 673 1603 literis
693 1540 846 1624 Rapbaelis
870 1541 968 1611 blasii,
992 1542 1139 1604 secretarii

106 1643 265 1708 cardinalis
278 1645 433 1727 Caprarae,
451 1643 567 1724 scriptis
581 1641 713 1704 Lutetiae
727 1641 902 1704 Parisiorum
918 1645 957 1705 ⁹29
974 1642 1141 1705 novembris

107 1747 183 1808 tuot
204 1745 240 1806 ad
260 1744 401 1808 vicarium
420 1744 583 1824 generalem
598 1742 833 1805 blechliniensem
853 1744 888 1806 de
904 1743 1092 1815 Lantsheere,
1107 1763 1141 1806 ea

107 1859 169 1908 erat
184 1865 268 1908 mens
281 1844 393 1907 Summi
409 1843 557 1906 Pontificio
572 1854 605 1905 ut
624 1863 725 1906 omnes
745 1844 885 1927 episcopi,
900 1843 1028 1927 adeoque
1041 1845 1141 1907 vicarii

106 1947 258 2028 generales
280 1946 347 2008 sede
367 1958 503 2016 vacante,
528 1946 577 2028 qui
600 1944 729 2008 ecclesiis
750 1945 809 2007 suis
832 1946 1072 2008 renunciaverunt
1094 1945 1141 2008 vel

106 2049 202 2132 quoad
216 2067 316 2110 earnm
330 2046 536 2110 extinctionem
554 2065 728 2108 consensum
744 2046 898 2118 dederant,
914 2047 978 2108 illas
997 2047 1141 2110 dioeceses
1180 2069 1182 2074 ·

106 2150 306 2230 gubernarent
329 2149 421 2211 donec
444 2148 518 2234 alter
544 2147 696 2230 episcopus
718 2148 856 2210 cononice
881 2147 1033 2210 institutus
1057 2161 1141 2211 esset.
1241 2185 1243 2191 ,

107 2254 172 2314 ll'un
195 2252 293 2332 ituque
306 2249 405 2313 statim
420 2249 506 2312 desiit
524 2261 651 2331 potestas
670 2249 845 2314 vicariorum
871 2250 1050 2330 generalium
1070 2246 1142 2314 bnt-

105 2352 314 2437 verpiensium.
642 2367 644 2371 ·

149 2459 230 2518 taut
240 2458 286 2516 die
301 2459 318 2516 7
323 2456 472 2533 januarii.
484 2453 596 2515 Literae
606 2452 760 2516 vicariatus
771 2453 805 2515 ad
817 2454 991 2516 cardinalem
1004 2457 1141 2537 Capram,

106 2558 136 2620 in
149 2555 259 2640 quibus
271 2568 455 2639 exponuntur
466 2575 598 2616 excessus
605 2554 786 2636 juratorum,
803 2556 967 2640 petiturque
982 2557 1142 2620 remedium

106 2678 166 2741 quo
192 2669 359 2740 contempta
384 2656 585 2739 episcoporum
611 2669 640 2718 ct
660 2657 850 2718 vicariatuum
876 2658 1033 2736 auctoritas
1058 2659 1142 2720 resti·

107 2769 219 2820 tuatnr.
233 2760 308 2820 Acte
320 2763 406 2836 episc.
418 2758 470 2836 sol.
489 2759 538 2818 to.
558 2791 598 2802 -
612 2756 668 2818 atti
684 2755 770 2817 ctiam
787 2757 941 2818 vicariatus
957 2757 1047 2838 belgii
1066 2758 1142 2841 apud

105 2859 372 2922 eminentissimum
388 2860 529 2940 Legatum
546 2856 734 2924 insistebant,
753 2871 783 2919 ut
802 2858 885 2920 melis
903 2859 1053 2921 occasione
1067 2863 1143 2942 epis-

105 2960 187 3024 tolae
206 2960 241 3022 de
264 2960 310 3022 die
330 2963 349 3022 a
370 2958 531 3022 decembris
548 2960 631 3039 (Vid.
652 2979 760 3038 supro,
781 2979 808 3042 p.
824 2962 880 3039 28)
902 2960 1009 3022 exortis
1033 2961 1143 3023 mederi

107 3064 293 3145 dignaretur.

149 3168 171 3226 5
193 3167 303 3226 otortr‘i.
323 3161 430 3224 Vicarii
452 3160 601 3242 generales
617 3160 725 3222 Bredue
743 3161 915 3232 residentes,
934 3164 1063 3242 lgnatins
1080 3165 1142 3225 Van

105 3265 210 3327 Gilset
220 3262 364 3325 Adrianus
378 3264 505 3342 (lumen,
521 3260 651 3324 libellum
666 3260 825 3344 supplicem
838 3263 1007 3325 obtulerunt
1023 3266 1143 3327 Summo

105 3363 261 3438 Pontifici,
277 3375 308 3425 nt
321 3375 484 3446 separatum
499 3363 544 3425 vel
560 3362 726 3445 episcopum
739 3362 782 3424 vel
797 3362 936 3426 vicariurn
951 3364 1142 3446 apostolicum

104 3467 250 3532 haberent
271 3486 324 3550 pro
349 3477 429 3548 parte
452 3468 557 3527 batava
578 3464 742 3527 dioeceseos
765 3465 992 3549 Antvcrpiensis.
1016 3501 1051 3512 -
1072 3469 1143 3530 Acta

102 3575 195 3651 episc.
209 3568 260 3648 sol.
274 3586 301 3628 u.
317 3568 366 3628 bl.

149 3671 193 3730 lb
206 3671 329 3748 ejusdem
342 3668 456 3728 mensis.
473 3665 578 3729 Vicarii
593 3666 817 3749 Antverpienses
830 3678 931 3730 contra
946 3678 1111 3749 suggestam
1127 3687 1143 3730 a

103 3770 228 3836 vicariis
242 3768 382 3830 Bredanis
393 3767 604 3851 separationem
619 3767 712 3850 portis
727 3771 878 3830 Batavuea
896 3767 1005 3853 reliqua
1019 3768 1143 3831 dioecesi

105 3870 280 3938 memoriale
291 3873 412 3932 Romam
426 3869 559 3932 mittunt.
569 3903 611 3916 -
623 3870 697 3932 lbid.
707 3872 758 3950 [ol.
773 3872 823 3933 58.

149 3976 300 4058 toprilr'e.
315 3972 468 4041 Ordinatio
482 3971 637 4036 vicariatus
651 3972 869 4056 Antverpiensis
880 3990 967 4056 snper
977 3973 1145 4036 executione

1041 4132 1060 4194 9
