2978 4916
558 461 571 554 (
597 457 669 530 259
695 461 708 553 )

120 597 184 659 dem
196 596 312 678 emptis.
327 601 349 655 Α
365 594 493 676 capitulo
506 597 535 656 S.
547 595 697 656 Gummari
712 614 789 656 anno
806 599 883 658 1515
895 593 966 676 ipsis
979 612 1147 656 concessum

120 699 214 759 luerat
227 709 375 758 exstruere
389 694 529 777 capellam
544 695 575 756 in
590 715 688 757 earum
701 695 800 767 domo,
813 715 845 756 ea
857 694 969 777 adjecta
982 693 1150 757 conditione

119 813 151 860 nt
171 798 285 860 nullum
301 797 427 859 officium
449 795 579 858 divinum
595 809 780 878 perageretur
793 809 924 880 tompore
937 796 1048 858 servitii
1064 816 1147 876 paro-

119 898 222 960 ehialis
235 897 384 969 ecclesiae,
400 899 493 980 n'eque
506 915 677 979 campanam
693 897 858 980 pulsarent,
873 910 903 960 et
917 917 1012 960 annue
1023 896 1149 978 capitulo

119 1000 246 1082 aliquam
268 998 498 1079 recognitionem
520 997 674 1060 solverent.
691 1003 777 1060 Anno
795 1010 891 1061 autem
908 1001 987 1062 tots
1001 997 1149 1062 aedificata

120 1099 176 1162 luit
190 1119 265 1160 nova
279 1098 398 1162 ecclesia
412 1119 480 1160 cnm
494 1099 644 1160 nonnullis
658 1099 723 1160 aliis
735 1099 863 1162 aedibus.

160 1204 189 1261 5.
210 1203 253 1262 De
264 1199 435 1262 fundatione
445 1199 613 1262 monasterii
624 1201 832 1281 lioogstratani
843 1199 916 1263 nihil
928 1199 1150 1264 mibiinnotuit

235 1439 284 1476 xtt.
305 1422 454 1476 CANONICAR
474 1437 760 1476 runuonstuurrttstte
779 1439 827 1476 sntt
847 1437 1037 1477 NORBBB'HME.

160 1580 189 1636 l.
211 1575 415 1658 Praepositnra
427 1575 518 1638 Vallis
528 1573 561 1636 S.
575 1575 756 1639 Catbcrinuc
767 1575 797 1636 in
809 1575 993 1648 Oosterhout,
1007 1574 1061 1637 sub
1072 1573 1152 1638 baro·

120 1688 191 1737 natu
206 1674 351 1750 Bredanc,
367 1675 503 1760 primitus
518 1675 638 1738 lundata
653 1673 709 1738 luit
723 1677 753 1738 in
764 1696 834 1756 agro
848 1675 1062 1758 Bergizomensi
1076 1675 1152 1738 circa

119 1776 282 1849 Woudum‚
299 1776 334 1838 ad
350 1798 396 1839 an.
413 1779 507 1850 tuac,
523 1797 539 1838 a
553 1777 683 1840 serratio
696 1777 731 1840 de
745 1777 920 1839 Liedelterlte
935 1777 1053 1861 ejusque
1064 1797 1153 1838 uxore

122 1880 305 1940 Ymmezoeta
317 1881 339 1939 ¹.
361 1879 534 1939 Consecrota
556 1876 749 1940 inhonorem
774 1879 803 1940 S.
827 1877 999 1940 catharinae
1018 1878 1154 1948 ecclesia,

119 1978 331 2040 monasterium
346 1997 423 2039 anno
440 1981 513 2038 tart
532 1977 628 2038 ordini
644 1977 919 2060 praemonstratensi
936 1977 1152 2062 incorporatum

121 2079 193 2152 tuit,
205 2093 234 2140 et
245 2078 521 2161 praemonstratensi
533 2077 630 2140 abbati
644 2077 811 2139 immediate
822 2077 995 2159 subjectum.
1007 2077 1154 2140 Arnoldus

121 2181 158 2243 de
172 2180 315 2255 Loranio,
331 2179 440 2242 Bredae
455 2179 605 2250 dominns,
618 2199 725 2241 norum
740 2178 949 2240 monasterium
961 2178 1062 2240 multis
1075 2180 1154 2260 agris

121 2281 255 2354 donavit,
274 2281 304 2343 in
325 2281 454 2352 Wonde,
476 2279 587 2351 Gastel,
611 2279 789 2341 Roosendael
810 2277 930 2366 etalibi
952 2279 1026 2341 sitis.
1045 2281 1152 2345 Verum

121 2403 214 2465 quum
231 2402 307 2443 anno
323 2385 401 2444 tuas
415 2381 540 2443 effractis
557 2380 713 2462 aggeribus
726 2380 756 2442 in
770 2380 845 2442 Lillo
868 2390 930 2442 tota
943 2390 1018 2441 terra
1029 2379 1154 2442 circum-

118 2485 223 2566 jacens
237 2482 319 2564 aquis
339 2495 414 2544 esset
431 2482 551 2554 obruta,
566 2483 653 2544 etiam
669 2481 842 2544 coenobium
857 2502 925 2544 oum
943 2477 1040 2544 vicino
1061 2494 1155 2545 tractu

123 2585 212 2646 annis
225 2584 356 2668 pluribus
378 2581 432 2645 sub
450 2583 533 2666 aquis
551 2581 653 2666 jacuit.
675 2583 844 2645 Monialium
867 2583 1003 2644 misertus
1024 2585 1099 2645 Raso
1120 2582 1155 2645 de

123 2690 247 2757 Gavera,
262 2683 470 2748 Liederlterlrae
487 2698 515 2748 et
533 2685 641 2747 Bredae
655 2685 803 2756 dominus,
823 2705 890 2746 cum
910 2685 1017 2766 aleyde
1031 2685 1155 2768 conjuge

124 2809 178 2851 sua
193 2787 257 2850 illas
270 2787 392 2850 Bredam
413 2788 543 2850 evocavit
556 2807 633 2849 anno
648 2790 742 2859 1295,
758 2798 788 2849 et
802 2807 854 2868 pro
869 2799 999 2867 ternpore
1013 2786 1043 2848 in
1057 2786 1156 2870 bospi-

124 2890 179 2953 tali
199 2889 363 2963 collocarit,
386 2888 561 2972 pauperibus
580 2900 609 2950 et
630 2887 755 2950 infirmis
775 2887 881 2948 ibidem
897 2886 1112 2949 ministraturas
1133 2889 1156 2948 ².

125 2989 255 3054 Obtento
277 2989 381 3052 deinde
397 2989 586 3053 commodiori
604 2989 684 3063 loco,
703 2989 804 3052 relicta
821 3009 889 3051 cura
901 2989 1067 3072 hospitalis,
1081 2991 1157 3073 pris-

126 3087 221 3154 tinam
242 3091 358 3171 regulae
376 3111 446 3153 suae
469 3110 601 3173 pormam
623 3089 771 3173 amplexae
789 3102 866 3152 sunt,
887 3089 997 3152 Vixisse
1017 3091 1157 3173 putantur

124 3195 234 3277 absque
249 3193 375 3277 perlecta
390 3193 522 3254 clausura
538 3193 678 3276 usquead
695 3211 741 3254 an.
758 3196 851 3264 ttae,
866 3214 923 3274 quo
939 3191 974 3254 ad
989 3193 1157 3255 instantiam

123 3295 246 3358 loannis
257 3295 387 3357 Nassovii
399 3294 508 3356 Bredae
522 3293 633 3356 domini
645 3294 778 3355 clausura
790 3294 915 3377 perlecta
927 3293 1092 3356 introducta
1103 3293 1157 3356 sub

124 3397 182 3459 Pio
195 3399 219 3457 ll
232 3396 279 3459 die
293 3399 333 3458 ⁶20
341 3396 428 3479 junii.
444 3399 550 3458 Earum
562 3395 693 3468 eeclesia,
706 3415 782 3478 quae
793 3394 901 3455 Bredae
913 3393 1099 3466 cernebatur,
1111 3414 1156 3456 an.

164 3624 173 3654 ¹
193 3624 229 3674 lta
248 3624 273 3674 in
288 3624 433 3690 Necrologio
450 3624 553 3691 legitur,
570 3624 650 3690 inquit
662 3624 816 3692 Wicbmans,
833 3609 961 3676 Brobuat
979 3626 1049 3676 Mur.
1065 3641 1089 3690 p.
1102 3627 1158 3676 791.

123 3707 254 3762 servatius
273 3707 313 3757 ille
333 3709 413 3771 potins
433 3707 503 3760 Ruso
523 3712 553 3759 dc
573 3709 740 3759 Liedcrlrerlte
758 3709 873 3759 dicendus
890 3716 932 3759 est.
952 3711 1098 3759 lmmezoeta
1119 3726 1160 3759 sen

122 3796 241 3859 Aleydr'r
253 3794 301 3845 filia
313 3804 365 3846 erat
385 3796 483 3846 Arnoldi
499 3798 529 3846 de
548 3795 670 3847 Gaesbeltc
687 3796 755 3862 cujus
773 3812 833 3845 uxor
851 3795 899 3845 tilia
917 3803 969 3846 erat
988 3794 1110 3846 Godelridi
1129 3798 1160 3847 lv

121 3880 332 3934 Bredaedomini.
721 3911 722 3914 =

165 3967 175 3993 ¹
192 3967 250 4017 Vide
262 3967 367 4031 diploma
380 3969 443 4032 apud
456 3969 586 4035 Miraenm,
600 3977 657 4019 tom.
672 3971 713 4035 lv,
728 3985 750 4033 p.
762 3969 819 4018 575.
