2990 4918
540 503 553 599 (
583 502 645 574 151
677 503 689 599 )

100 639 208 702 niensis
231 639 441 722 possessionem
461 638 533 700 adiit
557 639 603 702 die
623 642 643 700 1
662 638 728 720 julii
751 641 839 701 1802.
861 638 936 700 Huic
953 638 1128 702 solemnitati

99 742 220 803 aderant
233 753 293 803 tres
306 763 322 802 e
336 740 452 802 vicariis
466 739 650 823 generalibus
664 740 934 822 antverpiensibus,
950 741 1075 824 ipsisque
1091 743 1129 804 ita

98 841 276 904 sullieienter
297 842 463 904 intimatum
481 842 535 903 fuit
549 842 704 904 vicariatus
721 842 937 924 dntverpiensis
949 843 1130 924 jurisdictio-

99 965 164 1006 nem
173 957 202 1007 et
214 944 365 1006 facultates
374 965 485 1006 cessure
496 945 526 1007 in
537 956 598 1007 tota
610 944 772 1006 dioeceseos
784 956 863 1026 parte
873 965 945 1028 quae
956 944 1131 1026 reipublicae

98 1041 263 1108 Gallicanae
277 1047 403 1107 suberat.

138 1148 278 1208 Summus
304 1147 436 1208 Pontifex
459 1160 651 1208 reservaverat
674 1145 730 1207 sibi
752 1167 850 1208 cunam
876 1147 1068 1229 prospiciendi
1094 1147 1130 1209 iis

98 1247 230 1329 partibus
243 1249 428 1330 antiquarum
443 1248 616 1311 dioecesium
635 1268 708 1329 quae
723 1249 752 1308 in
769 1248 890 1309 aliorum
907 1249 1070 1331 principum
1085 1248 1130 1309 di-

98 1348 458 1410 tionecoustitutaeerant.
474 1351 618 1410 Parsvero
629 1350 863 1430 septentrionalis
876 1349 1038 1411 dioeceseos
1057 1354 1130 1411 hat-

97 1449 257 1531 verpiensis
273 1448 447 1532 reipublicae
463 1452 584 1511 batavae
595 1448 726 1523 suberat,
742 1470 832 1533 eaque
845 1449 995 1512 constabat
1006 1471 1044 1511 ex·
1054 1472 1132 1512 mar·

97 1549 237 1610 chionatu
266 1550 478 1631 Bmgizomensi
505 1562 534 1612 et
558 1550 699 1611 baronem
727 1552 870 1621 baedano,
901 1571 973 1633 quae
997 1552 1131 1629 regiones

97 1651 255 1714 decanatus
276 1653 524 1733 Bergizomeusem
549 1664 578 1714 et
602 1652 763 1715 Bradanum
790 1652 960 1714 efficiebant.
983 1652 1130 1734 lusignem

97 1751 177 1814 illam
198 1753 304 1814 veteris
331 1752 502 1815 brabantiae
526 1753 702 1835 portionem,
728 1774 816 1834 quum
839 1753 900 1835 jam
925 1752 1034 1815 nullius
1058 1765 1132 1814 esset

98 1855 277 1926 dioeceseas,
291 1867 320 1916 et
334 1875 370 1917 ne
384 1854 516 1936 legitimo
527 1854 732 1941 destitueretur
748 1866 875 1937 pastore,
889 1855 958 1916 Pius
972 1857 1026 1916 PP.
1039 1856 1087 1916 Vll
1102 1855 1132 1915 in

98 1957 268 2018 vicariatum
286 1956 476 2039 apostolicum
489 1957 579 2018 erexit
591 1956 684 2018 literis
696 1957 757 2018 suis
768 1958 803 2018 de
818 1955 864 2018 die
875 1959 913 2018 22
928 1955 1026 2019 martii
1042 1958 1130 2017 aaut.

98 2058 280 2140 Nuperrimis
295 2079 363 2119 vero
379 2058 472 2120 literis
493 2056 659 2141 apostolicis
678 2057 713 2119 de
736 2056 783 2118 die
804 2061 824 2119 1
845 2057 942 2118 martii
969 2061 1063 2128 1853,
1080 2057 1130 2118 SS.

98 2161 129 2219 D.
150 2160 185 2220 N.
203 2159 272 2219 Pius
287 2161 342 2220 ΡΡ.
358 2161 407 2232 lll,
430 2179 514 2240 quern
531 2161 606 2220 Deus
618 2157 762 2220 Ecclesiae
778 2178 847 2220 suae
864 2178 949 2240 quam
969 2157 1132 2219 diutissime

99 2270 194 2320 servet
209 2258 401 2329 incolumem,
423 2258 613 2320 hierarchiam
629 2258 819 2341 episcopalem
835 2259 865 2320 ia
882 2257 1034 2319 llollaudia
1050 2259 1132 2319 resti·

99 2360 170 2430 tuit,
183 2372 214 2422 et
224 2360 373 2422 eeclesiam
387 2361 578 2443 episcopalem
592 2361 766 2434 Bredanam‚
783 2359 1022 2444 metropolitanae
1036 2359 1132 2423 Ultra-

96 2460 237 2542 jeetensis
251 2460 479 2542 suffraganeam,
494 2463 601 2524 creavit
613 2466 635 2524 ¹.

140 2561 253 2623 Veteris
274 2563 370 2643 itaque
390 2563 532 2624 extinctae
554 2562 772 2644 hutverpiensis
794 2561 929 2623 ecclesiae
952 2561 1130 2623 territorium

100 2661 256 2723 hodiedum
272 2663 377 2744 partim
404 2663 440 2724 ad
463 2662 696 2725 hleehliniensem
722 2663 884 2746 partimque
911 2663 946 2724 ad
974 2663 1130 2725 Bradanum
1223 2654 1225 2657 ’

99 2763 234 2825 ecelesias
249 2762 391 2826 adnexum
406 2777 509 2826 exstat.

95 3021 99 3032 ,
132 2979 139 3008 ¹
160 2981 211 3032 lid.
225 2983 294 3033 Aeta
306 2983 354 3033 Pe'a'
368 2983 413 3035 ΙΧ
423 2984 560 3049 Pontifiea's
575 2983 702 3050 Maximi,
718 2997 783 3049 pare
797 2987 902 3049 patmu,
917 2997 944 3047 p.
959 2981 1020 3049 116,
1037 2981 1133 3034 Remea

98 3067 164 3118 18111
176 3067 253 3118 tat-8⁰.
