3012 4912
582 494 691 586 (55)

133 657 145 688 11
168 633 256 693 mino.
273 633 357 693 blane
369 629 443 692 laeta
456 629 597 692 incisione
610 630 771 692 anatomica
783 651 834 712 per
849 633 885 691 Μ.
900 628 1060 690 liubertum
1074 629 1148 691 Giel-

133 757 146 789 »
168 753 249 794 mans
265 731 434 811 chirurgum
450 751 465 791 a
481 730 564 792 uobis
580 729 726 813 adjutum,
739 730 902 792 invenimus
912 729 1009 791 omnia
1020 729 1147 791 membra

132 858 144 890 1
167 833 276 914 optime
290 831 462 902 constituta,
475 843 591 914 excepta
603 832 733 914 eorporis
743 831 831 903 mule,
843 831 880 892 ob
893 851 977 914 quam
994 831 1090 892 minus
1105 852 1151 892 or-

133 961 145 990 11
167 954 266 1015 gasmo
277 933 402 995 catharri
414 933 546 996 resistere
558 945 704 1016 potuerat:
714 932 906 1015 aesopbagum
917 953 981 995 cum
991 932 1151 994 ventriculo

133 1059 145 1090 11
167 1033 444 1117 perpendiculariter
454 1034 624 1107 incidentes,
635 1046 663 1095 et
674 1033 787 1096 curiose
798 1033 898 1114 digitis
908 1033 1004 1094 omnia
1017 1045 1152 1094 contenta
1209 1091 1211 1098 .

132 1161 144 1191 1
167 1147 389 1197 contrectantes.
405 1139 502 1218 ltaque
517 1146 629 1196 tantum
641 1135 733 1218 chyli,
747 1134 803 1196 eibi
820 1147 973 1217 potusque,
988 1135 1051 1196 siue
1064 1135 1153 1196 alieu-

133 1259 144 1289 1
164 1235 213 1317 jus
222 1235 326 1296 veneni
339 1235 519 1318 suspicione,
532 1236 711 1307 invenimus,
722 1247 862 1317 quantum
878 1234 1028 1296 commode
1042 1234 1153 1296 duabus

132 1361 143 1391 v
166 1335 301 1398 manibus
311 1335 397 1398 simul
406 1335 517 1418 junctis
528 1338 658 1419 excipere
669 1336 837 1419 potuissem.
849 1335 974 1398 Proinde
986 1355 1001 1396 a
1014 1339 1051 1396 M.
1064 1335 1152 1396 Panlo

133 1463 144 1491 11
167 1455 222 1497 van
234 1435 434 1509 Winterbelre,
447 1436 624 1499 cubiculario
635 1437 688 1498 111οἱ
699 1434 815 1497 Domini
829 1436 893 1518 piae
904 1435 1070 1507 memoriae,
1083 1436 1151 1518 petii

132 1563 144 1592 v
166 1537 236 1618 quid
251 1537 281 1598 in
296 1557 385 1599 coena
399 1538 568 1620 sumpsisset
580 1561 586 1598 :
598 1538 648 1620 qui
659 1537 729 1599 mihi
747 1536 846 1599 retulit
860 1540 938 1598 R¹¹¹¹¹¹¹¹
950 1535 1105 1597 Dominum
1121 1537 1149 1596 iu

131 1662 144 1694 1
167 1656 256 1700 coena
270 1657 383 1718 semper
400 1657 461 1700 esse
474 1637 619 1709 sobrium,
634 1638 688 1699 ista
708 1648 805 1699 autem
819 1649 904 1698 noete
923 1636 1016 1718 ipsum
1037 1635 1151 1718 quidem

131 1762 143 1792 1
167 1749 299 1816 gustasse
312 1737 367 1798 tria
388 1738 501 1800 minora
516 1738 588 1800 vitra
603 1738 679 1812 vini,
695 1738 744 1800 sed
764 1758 823 1798 nou
847 1736 984 1807 ebibisse,
999 1736 1067 1796 item
1088 1754 1153 1818 par-

132 1862 144 1893 v
167 1837 288 1900 ticulam
301 1838 426 1922 perdicis
437 1851 466 1901 et
476 1839 579 1921 capitis
589 1840 651 1922 apri
663 1859 729 1901 cum
742 1839 856 1900 modico
870 1837 979 1899 saccari
988 1836 1152 1919 sumpsisse.

132 1963 144 1993 n
167 1939 252 2012 Quod
266 1950 388 2002 attestor
401 1940 486 2021 signo
500 1961 564 2002 meo
580 1941 707 2002 manuali
727 1939 911 2020 subsignato,
926 1939 972 2000 die
986 1951 1015 2000 et
1029 1957 1105 2001 anno
1121 1951 1153 1998 111

130 2064 143 2096 u
167 2059 264 2121 supra.
279 2075 316 2085 -
329 2042 435 2102 Pnunns
448 2045 551 2114 Inoour,
566 2041 695 2103 medicus
709 2040 843 2124 physicus
857 2040 1057 2102 Bruxeliensis.
1075 2064 1088 2096 11

167 2140 302 2203 Defuncti
320 2162 426 2224 corpus
443 2142 629 2225 Antverpiam
651 2142 778 2204 delatum
799 2161 904 2222 magno
923 2140 1053 2202 omnium
1073 2139 1151 2201 luctu

129 2241 278 2303 conditum
301 2240 358 2304 fuit
380 2243 409 2304 in
435 2242 523 2304 choro
547 2243 683 2305 ecclesiae
703 2242 890 2314 cathedralis,
911 2241 960 2302 ubi
984 2241 1019 2302 ad
1041 2253 1151 2323 partem

129 2341 344 2406 meridionalem
361 2356 455 2407 erecta
470 2343 526 2407 fuit
540 2345 679 2426 praesulis
699 2343 855 2406 memoriae
870 2341 968 2404 tumba
983 2362 1151 2404 marmorea.

127 2444 159 2506 ln
174 2442 276 2506 funere
288 2465 354 2506 eum
368 2444 534 2518 laudavere,
549 2445 722 2526 Antverpiae
733 2449 858 2508 loannes
872 2443 969 2504 Delrio
983 2454 1012 2504 et
1025 2445 1151 2504 Lauren·

129 2546 185 2607 tius
200 2545 384 2630 Beyerlinclu,
400 2548 489 2610 Duaci
501 2568 568 2610 vero
580 2552 705 2611 loannes
717 2567 733 2608 a
744 2549 849 2610 Sancto
861 2546 1031 2617 Laurentio,
1045 2545 1152 2607 oratio-

130 2646 214 2708 nibus
228 2647 359 2719 disertis,
374 2647 527 2732 utrobique
543 2649 619 2732 typis
633 2647 728 2710 editis.

168 2746 241 2809 Sede
259 2760 393 2822 vacante,
408 2749 605 2833 episcopatum
622 2769 674 2832 per
689 2769 802 2810 meuses
817 2747 876 2809 fere
890 2759 997 2830 septem
1014 2746 1152 2810 adminis-

130 2848 216 2910 travit
228 2847 352 2910 vicarius
366 2849 533 2930 capitularis
548 2854 672 2913 loannes
686 2847 797 2920 Delrio,
818 2848 943 2909 damnus
957 2847 1093 2908 ecclesiae
1106 2867 1153 2909 ea-

132 2948 279 3021 tbedralis,
294 2949 330 3010 de
343 2969 400 3031 quo
414 2949 479 3010 vide
493 2953 674 3016 Diercaseus.
690 2970 736 3032 op.
750 2949 798 3010 cit.
813 2960 833 3009 t.
849 2951 898 3012 Vll
913 2969 940 3029 p.
958 2950 1024 3009 tea.

167 3051 237 3110 Post
251 3049 376 3111 sancitas
395 3049 525 3112 inducias
539 3069 585 3112 an.
604 3053 689 3123 1668,
709 3049 833 3110 lliraeus
850 3069 947 3110 curam
966 3066 1080 3108 omnem
1097 3045 1152 3106 im-

130 3148 267 3230 penderat
286 3150 481 3212 restaurandis
500 3151 616 3234 templis
636 3150 777 3212 bellorum
798 3149 904 3233 injuria
928 3148 1091 3212 devastatis.
1113 3152 1154 3210 De

130 3250 232 3312 mediis
251 3251 423 3333 opportunis
440 3251 490 3312 diu
508 3252 691 3334 multumque
703 3263 800 3312 actum
816 3249 922 3320 suerat,
941 3248 990 3310 sed
1005 3247 1153 3330 negotium

130 3372 162 3414 ex
180 3365 263 3434 parte
281 3351 361 3414 aulae
381 3352 521 3434 processit
539 3352 627 3416 tarde.
650 3357 719 3415 Post
739 3364 862 3414 mortem
880 3351 978 3413 Miraei
1000 3349 1155 3413 vicariatus

130 3472 194 3516 enm
214 3453 342 3536 capitulo
359 3452 515 3516 cathedrali
534 3454 638 3517 iterum
657 3453 694 3515 ad
714 3453 859 3536 principes
877 3471 1025 3514 recursum
1044 3450 1156 3520 habuit,

130 3552 358 3636 supplicavitque
371 3565 404 3614 ut
421 3553 528 3637 absque
542 3554 673 3617 ulteriori
693 3574 774 3617 mora
794 3551 901 3636 templa
915 3562 1156 3616 restaurarentur.

131 3655 204 3718 lliuo
225 3654 271 3716 die
289 3659 328 3718 111
342 3655 440 3717 martii
454 3677 500 3719 an.
523 3659 595 3720 1611
615 3655 744 3740 diploma
758 3655 901 3737 vulgatur,
920 3675 977 3737 quo
999 3652 1093 3716 media
1107 3672 1153 3714 ec-

131 3755 225 3818 clesiis
245 3757 440 3820 instaurandis
460 3771 622 3841 opportuna
637 3758 823 3829 exhibentur,
837 3777 1017 3840 quorumque
1038 3774 1150 3822 summa

132 3869 221 3919 exstat
233 3857 310 3938 apud
324 3860 507 3928 Diercuacns,
521 3880 567 3940 op.
579 3859 627 3921 cit.
641 3871 662 3921 t.
678 3861 736 3931 Vll,
751 3879 778 3941 p.
790 3862 839 3932 61,
851 3869 879 3920 et
895 3879 941 3940 pp.
953 3859 1046 3919 61-65
1058 3855 1153 3938 ipsum

133 3958 257 4020 edietum
273 3959 375 4039 gallice
388 3980 420 4022 ex
437 3972 456 4021 t.
472 3964 482 4021 1
497 3961 594 4022 Edict.
612 3961 698 4021 Brad.
715 3981 741 4040 p,
757 3962 805 4021 65.
