3012 4912
345 643 496 715 Veldenio,
512 643 560 726 qui
575 643 662 706 etiam
677 643 788 708 addidit
802 643 948 727 exemplar
959 643 1098 708 Actorum
1112 649 1143 706 iu
1158 651 1374 726 conprepotione

340 756 493 824 pastorum
509 748 656 806 districtus
669 747 900 825 Aotoerpiensis‚
915 748 960 810 uie
979 749 993 806 1
1010 747 1081 824 jotti
1100 749 1194 818 1781;
1217 766 1291 830 quae
1307 750 1373 830 qui·

344 846 410 910 dem
429 847 502 910 dota
522 844 593 908 satis
614 865 757 928 superque
775 846 903 910 innuunt
920 845 975 908 ltoc
994 857 1124 930 ternpore
1143 846 1263 910 usitatas
1285 847 1373 910 luisse

346 946 520 1008 decanorum
535 946 783 1026 congregationes.

383 1046 443 1110 Sub
457 1046 584 1129 quiaque
602 1045 790 1129 sequentibus
807 1045 965 1130 episcopis,
979 1046 1083 1110 Carolo
1097 1046 1281 1130 d'llspiuosa,
1301 1050 1374 1112 Gui-

304 1139 306 1143 ’
341 1145 439 1214 lielrno
454 1145 587 1229 Philippo
602 1145 639 1208 da
653 1145 813 1218 Haeredes,
827 1146 950 1229 losepho
964 1145 1101 1210 anselmo
1122 1147 1275 1210 Francisco
1289 1151 1374 1212 Wer·

343 1248 463 1322 broeck,
478 1248 631 1312 Dominico
645 1247 681 1310 de
694 1247 795 1310 Gentis
809 1259 838 1309 et
853 1245 979 1310 ilenrico
993 1246 1125 1310 Gabriele
1138 1251 1200 1311 Van
1213 1251 1370 1323 Gamerae,

341 1349 422 1411 nulla
439 1348 699 1430 congregationum
720 1358 785 1410 acta
802 1347 952 1431 hucusque
970 1347 1080 1431 reperi,
1094 1348 1165 1410 adeo
1179 1360 1213 1411 ut
1231 1351 1373 1433 suspicari

339 1450 440 1523 liceat,
459 1469 558 1512 earum
581 1448 806 1513 celebrationem
830 1449 1024 1512 intermissam
1047 1449 1135 1514 fcisse
1156 1451 1300 1534 usquead
1320 1473 1374 1515 an·

340 1571 412 1614 num
433 1555 528 1624 1779,
546 1571 603 1634 quo
625 1550 750 1614 lacobus
770 1550 895 1613 Thomas
915 1551 1056 1633 Iosephus
1076 1552 1223 1626 Wellens,
1243 1552 1374 1618 decimus

339 1655 481 1738 septimus
489 1657 575 1722 Antv.
586 1652 747 1736 episcopus,
758 1651 980 1717 saluberrimum
994 1652 1162 1716 institutum
1175 1657 1372 1722 renouandum

339 1767 368 1817 et
383 1752 625 1839 frequentandum
639 1774 701 1818 esse
715 1753 826 1837 optima
840 1753 905 1834 lege
920 1755 1115 1836 praescripsit.

382 1861 475 1928 1779,
490 1859 536 1917 dic
549 1859 569 1920 8
582 1860 663 1918 maii.
678 1855 832 1919 Ordinatio
845 1853 944 1918 lacohi
958 1855 1084 1918 Thomas
1097 1856 1214 1940 losephi
1227 1858 1372 1932 Weliens,

339 1981 392 2042 pro
405 1958 558 2022 visitandis
573 1957 703 2022 ecclesiis
716 1978 784 2020 suae
798 1957 961 2021 dioeceseos
976 1971 1004 2021 et
1019 1958 1249 2024 Buscoducensis
1262 1960 1292 2023 in
1306 1981 1373 2043 par-

338 2060 417 2122 tibus
446 2058 597 2123 catholicis
620 2058 794 2122 auctoritato
817 2059 976 2142 apostolica
1003 2059 1058 2142 ipsi
1084 2059 1264 2134 commissis,
1289 2082 1372 2144 prae-

337 2160 446 2244 scripta
459 2159 490 2222 in
505 2159 731 2242 congregatione
745 2159 931 2222 decanorum.

376 2267 449 2326 Acta
463 2261 540 2324 edita
553 2273 623 2324 sunt
635 2264 722 2324 nutv.
738 2260 816 2324 io·d⁰
830 2279 917 2342 pagg.
932 2261 1210 2326 oeconomorum
1228 2267 1255 2326 1.
1269 2263 1372 2326 Sermo

336 2362 464 2445 episcopi
484 2361 520 2423 ad
541 2361 665 2424 decanos
685 2371 893 2448 congregatost
916 2363 947 2424 9.
971 2359 1179 2425 Instructiones
1201 2382 1254 2445 pro
1276 2362 1373 2428 arehi-

337 2463 512 2546 presbyteris
547 2461 693 2526 ruralihus
720 2461 751 2523 in
779 2461 946 2524 visitatione
973 2461 1159 2525 eeclesiarum
1195 2464 1367 2536 servandae;

338 2568 367 2626 3.
387 2563 508 2626 Schenm
529 2561 733 2636 articulorum,
751 2574 889 2624 constans
906 2563 1004 2624 decem
1027 2550 1134 2635 titulis,
1157 2583 1244 2645 super
1265 2565 1371 2648 quibus

337 2662 560 2744 interrogabunt
569 2662 671 2724 decani
682 2663 800 2734 rurales,
810 2663 925 2744 quando
936 2662 1096 2726 visitabunt
1107 2662 1256 2739 ecclesias3
1269 2669 1298 2728 1.
1310 2668 1371 2729 Μο-

337 2766 432 2828 nitum
448 2765 484 2827 de
501 2763 699 2828 conseruando
715 2764 910 2827 ordinationis
931 2764 1096 2846 exemplari.
1117 2765 1302 2828 Desideratur
1320 2767 1370 2828 illa

337 2864 481 2928 ordinatio
502 2866 533 2926 in
555 2865 726 2927 collectione
745 2884 866 2946 operum
889 2865 1053 2938 Wellensii‚
1075 2865 1150 2928 edita
1174 2886 1250 2928 anno
1275 2872 1369 2942 1781,

339 2967 426 3028 in-40.

376 3067 471 3138 1789,
487 3069 532 3128 die
546 3069 585 3128 10
600 3069 682 3128 maii.
702 3063 834 3126 Secunda
851 3065 1061 3145 congregatio¹
1083 3065 1180 3129 habita
1198 3065 1229 3127 in
1249 3065 1369 3128 aedibus

336 3167 547 3251 episcopalibus
557 3185 655 3228 coram
667 3164 768 3229 eodem
783 3165 928 3248 episcopo.
943 3167 1013 3230 MS.
1025 3169 1104 3244 apud
1123 3185 1175 3226 me.

379 3272 468 3340 1781,
489 3271 535 3330 die
555 3270 594 3330 89
614 3271 696 3330 maii.
717 3267 815 3329 Tertia
836 3267 1024 3347 congregatio
1041 3265 1137 3326 habita
1153 3284 1250 3326 coram
1265 3264 1367 3328 eoderu

335 3369 479 3453 episcopo.
495 3369 565 3432 MS.
581 3369 663 3446 apud
676 3387 729 3430 mc.

374 3474 468 3544 1788,
489 3475 534 3532 die
548 3473 585 3532 11
599 3472 681 3532 mcii.
703 3470 811 3542 Quarta
832 3464 1020 3548 congregatio
1035 3464 1133 3528 habita
1154 3471 1250 3529 coram
1265 3464 1366 3528 eodem

333 3571 477 3654 episeopo.
489 3571 557 3634 MS.
572 3573 654 3649 apud
667 3590 721 3632 me.

366 3822 376 3852 ¹
394 3821 475 3872 Prima
487 3820 552 3871 enim
563 3828 599 3870 est
614 3819 654 3869 illa
668 3817 726 3868 anni
738 3817 903 3881 praecedentis
913 3817 991 3883 1779,
1001 3816 1083 3882 sicque
1095 3828 1158 3867 novo
1169 3815 1253 3866 ordine
1264 3814 1368 3880 inscrip-

334 3917 372 3957 tae
389 3915 444 3958 sunt
460 3924 543 3958 ornnes
562 3905 764 3972 congregationes
782 3905 894 3968 deinceps
914 3903 1011 3954 habitae
1030 3904 1153 3970 usquead
1172 3901 1366 3968 suppressionem

331 3995 492 4060 episcopatus.
