3034 4908
550 467 699 562 (⁶285)

114 625 204 686 oopus
222 605 450 687 antuerpiensis
471 605 519 666 sed
538 604 586 685 jus
606 615 775 686 patronatus
790 603 991 686 incorporatus
1008 619 1069 667 erat
1081 607 1140 668 eol·

115 706 190 785 legio
206 705 386 767 Atrebatensi
402 707 535 776 Lovanii,
550 707 626 788 quod
637 705 765 785 ejusdem
781 705 917 767 ecelesiae
932 707 1067 768 beneficia
1081 706 1140 767 lere

114 806 212 866 omnia
227 806 402 868 conserebat.

154 907 387 969 sane-Lenaeus
407 906 488 967 ricus
507 906 550 968 sio
570 907 666 967 dietus
686 927 702 967 a
722 918 845 988 patrono
859 926 911 966 suo
931 907 959 968 S.
976 907 1140 978 leonardo,

114 1007 233 1088 antiqua
253 1007 314 1066 illio
333 1006 517 1067 veneratione
532 1007 625 1076 eollo,
641 1007 790 1068 ecelesiam
808 1005 894 1068 babet
913 1007 1069 1068 admodum
1084 1009 1153 1070 ele?

114 1119 245 1185 gentem,
271 1107 385 1186 piorum
412 1106 610 1167 oblationibus
632 1093 829 1168 construetam
861 1118 890 1167 et
913 1119 1044 1168 ornatam
1072 1128 1141 1168 eura

115 1206 241 1267 Cornelii
258 1206 371 1268 Vander
385 1209 476 1277 Noot‚
497 1207 546 1288 qui
561 1219 632 1269 tuno
646 1207 814 1268 morabatur
827 1206 880 1268 sub
893 1207 1023 1268 dominio
1039 1209 1142 1272 Breobt

117 1309 145 1368 in
172 1309 316 1388 praetorio
338 1307 416 1368 dieto
436 1312 504 1376 rot,
530 1307 608 1390 quod
629 1307 812 1368 beneficiario
834 1305 901 1388 jore
921 1308 1085 1389 possidebat
1106 1312 1142 1372 ab

117 1411 329 1488 lloogstratano
347 1408 476 1490 dynasta.
497 1409 668 1491 Capellanus
686 1408 773 1490 hujus
786 1408 923 1470 eeclesiae
939 1411 1090 1472 tenebatur
1104 1413 1140 1473 ad

116 1509 312 1571 residentiam.

81 1616 86 1623 '
157 1617 189 1670 ln
207 1611 380 1671 Ouerbroeelt
394 1623 455 1671 erat
470 1609 628 1690 capellania
643 1611 671 1672 S.
688 1609 879 1670 Willibrordi.

157 1709 271 1790 Capella
286 1731 321 1788 op
336 1713 369 1770 de
383 1712 471 1772 Loebt
485 1709 607 1770 babebat
624 1710 809 1792 capellaniam
822 1712 851 1772 S.
865 1711 1031 1774 Tbeobaldi.

159 1811 245 1871 Vicus
260 1811 291 1871 S.
306 1815 426 1872 Antonii
444 1816 475 1870 io
493 1811 648 1872 Jucemtot
662 1823 724 1872 erat
742 1811 849 1892 capella
868 1832 941 1893 quae
958 1814 1142 1876 residentiam

119 1913 296 1996 requirebat;
315 1913 487 1995 paroehialis
509 1926 604 1974 tamen
629 1912 748 1976 ecelesia
767 1913 864 1974 habita
887 1927 944 1988 est,
963 1917 1094 1998 quamvls
1112 1918 1147 1981 in.

119 2015 464 2099 temporalibossubjeota
480 2030 609 2077 maneret
621 2036 695 2097 pago
711 2016 887 2077 Breobtensi.

463 2211 486 2259 ⁴l.
505 2212 675 2260 Gatnrrnoor.
693 2211 718 2258 t.
737 2209 793 2257 600.

160 2344 211 2405 Vir
227 2340 333 2405 nobilis
350 2342 517 2427 Arnolpbus
532 2343 672 2415 Brabant,
687 2363 764 2405 anno
781 2347 858 2405 1150
872 2343 931 2405 vita
945 2344 1078 2419 lunetus,
1094 2348 1150 2409 do··

123 2447 201 2507 navit
217 2446 356 2507 coenobio
373 2446 581 2526 Tougerloensi
596 2446 718 2507 mediam
735 2459 844 2528 partem
862 2459 955 2507 terrae
969 2459 997 2508 et
1008 2448 1146 2530 jurisdic-

122 2547 209 2607 tionis
231 2547 259 2608 in
278 2547 474 2629 Calmptbout;
498 2547 616 2630 ejusque
641 2545 717 2608 lilius
739 2547 847 2628 pariter
867 2547 1033 2628 drnulpbus
1051 2549 1147 2612 dietus

122 2648 181 2728 (qui
197 2645 297 2707 lloruit
310 2646 386 2708 eirea
402 2668 448 2708 an.
466 2651 553 2725 1157)
569 2647 661 2708 eidem
680 2647 819 2708 coenobio
834 2639 952 2708 donavit
967 2647 1034 2730 jura
1050 2663 1146 2731 patro·

123 2764 208 2811 natus
227 2763 256 2811 et
271 2750 536 2812 administrationes
557 2750 716 2810 vicinarum
735 2747 920 2809 ecelesiarum
941 2749 976 2810 de
996 2751 1103 2833 Nispeo
1119 2767 1148 2814 et

121 2849 258 2918 Sundert‚
274 2848 380 2910 additis
394 2849 570 2911 deeimarum
586 2848 726 2931 partibus.
741 2847 929 2909 Donationem
945 2861 1036 2910 ratam
1048 2851 1149 2916 babuit

122 2973 199 3014 anno
216 2957 291 3014 1157
310 2954 451 3014 llenrieus
466 2951 813 3035 episcopus'Leodiensis‚
827 2951 862 3012 ad
878 2951 1147 3034 eujusjurisdiotio·

124 3075 189 3115 nem
205 3054 340 3114 ecelesiae
359 3053 425 3115 illae
445 3067 516 3115 tuno
535 3053 658 3114 stabant.
675 3057 758 3114 Anno
775 3067 871 3114 autom
889 3057 966 3116 4159
984 3055 1029 3114 vir
1043 3055 1149 3118 nobilis

123 3158 266 3216 Reroerus
290 3155 326 3215 de
341 3154 516 3235 Risebergen
531 3155 650 3216 alteram
675 3169 785 3236 partem
804 3153 1019 3235 jurisdictionis
1033 3156 1148 3240 Calmp·

124 3257 293 3327 tboutanae,
314 3256 344 3316 in
367 3255 492 3317 Esseben
510 3255 660 3340 videlieet,
678 3254 771 3315 eidem
789 3253 921 3316 abbatiae
941 3256 1077 3330 eontulit,
1099 3278 1150 3339 ap·

125 3356 265 3438 probante
279 3357 378 3418 eodem
393 3358 528 3440 episeopo
544 3356 695 3419 leodiensi
716 3377 769 3418 neo
785 3377 843 3418 nou
861 3355 1017 3418 Godelrido
1033 3361 1065 3418 lll
1082 3362 1150 3420 Bra-

124 3458 240 3519 bantiae
253 3458 326 3518 duce
337 3462 358 3519 ¹.

167 3560 280 3621 lnoolae
299 3560 364 3641 pagi
385 3559 619 3641 Calmptboutani
638 3557 832 3640 dependentes
853 3559 882 3619 in
901 3558 1100 3641 spiritualibus
1114 3560 1150 3620 ab

126 3658 246 3722 eeclesia
262 3659 393 3742 Nispensi
410 3660 604 3742 impetrarunt
623 3660 732 3722 sontem
747 3659 947 3743 baptismalem
966 3658 1151 3743 abepiscopo

128 3761 292 3833 laodiensi,
315 3774 348 3823 ut
371 3774 484 3824 eonstat
505 3783 540 3824 ex
561 3763 634 3825 actis
658 3761 794 3824 abbatum
817 3761 1074 3844 Tangerloeusiuur
1097 3763 1150 3823 sub

1067 3855 1077 3883 t

160 3980 168 4010 ¹
188 3980 341 4047 Wicbmans‚
353 3997 391 4045 op.
401 3979 440 4031 cit.
454 3998 477 4045 p.
490 3981 546 4030 554.
