2990 4918
557 484 710 582 (tou)

118 619 205 681 telam
227 630 256 681 et
276 617 449 691 remedium,
472 620 685 683 consentientes
698 620 785 682 etiam
802 629 835 681 nt
852 617 876 681 si
896 617 962 702 quis
985 637 1019 680 ex
1036 616 1153 680 vicariis

118 720 303 801 generalibus
320 721 417 782 statim
438 721 623 783 nominandis
644 721 703 784 vita
722 719 884 791 excederet,
897 732 950 796 aut
969 718 1040 781 alias
1053 718 1153 780 abesse

117 834 280 904 cogeretur,
300 821 401 905 reliqui
421 822 521 883 vicarii
543 822 739 904 conjunctim,
758 833 809 881 aut
831 833 888 882 tres
905 821 1005 882 saltem
1027 819 1063 881 de
1081 840 1152 881 con-

117 944 203 985 sensu
229 925 353 985 aliorum
376 944 510 1006 expresso
534 924 577 986 vel
599 924 700 994 tacito,
720 935 854 986 votorum
877 921 1043 1005 pluralitate
1063 921 1152 983 alium

118 1024 210 1086 eidem
227 1025 403 1086 substituere
415 1037 531 1108 queant.

158 1151 174 1185 n
199 1126 306 1188 Vicarii
319 1141 414 1189 autern
427 1126 575 1209 generales
585 1127 645 1189 sint
656 1149 663 1189 :
676 1126 804 1210 ampliss.
816 1126 893 1188 dom.
903 1127 964 1189 Ios.
976 1127 1008 1188 F.
1022 1127 1059 1187 Ε.
1071 1126 1152 1190 Wer·

116 1229 235 1298 brenel,
254 1228 373 1310 capituli
400 1229 493 1289 nostri
513 1227 654 1298 decanus,
674 1229 818 1290 Antonius
837 1231 871 1288 de
897 1227 992 1299 Vries,
1010 1226 1153 1288 archidia-

116 1349 226 1404 conus,
251 1333 280 1392 J.
307 1333 346 1392 H.
377 1333 440 1393 Vna
467 1333 569 1401 Bloer,
598 1329 849 1413 archipresbyter,
879 1331 914 1391 P.
944 1330 1060 1391 Simone
1091 1328 1154 1390 Van

12 1453 14 1456 ·
116 1434 239 1512 Eupen,
255 1433 510 1514 poenitentiarius,
532 1444 561 1494 et
575 1451 675 1494 omnes
694 1431 865 1512 amplissimi
881 1430 992 1494 domini
1006 1429 1153 1492 examina-

117 1545 196 1594 tores
210 1532 363 1615 synodales
377 1554 444 1596 curn
457 1533 572 1614 amplis.
586 1532 705 1596 domino
720 1531 845 1594 officiali.

159 1659 174 1693 a
197 1634 228 1697 Si
239 1634 412 1718 quandoque
423 1655 555 1696 accessus
565 1635 601 1696 ad
613 1634 759 1695 civitatem
773 1646 902 1695 nostram
913 1631 1151 1715 dntverpiensem

117 1735 307 1817 impossibilis
321 1747 369 1796 aut
385 1735 508 1796 nimium
528 1735 656 1797 difficilis
677 1735 855 1805 redderetur,
870 1733 983 1795 easdem
1002 1732 1153 1794 facultates

118 1835 276 1897 tribuimus
297 1834 509 1898 venerabilibus
534 1835 661 1898 dominis
686 1835 803 1898 decanis
825 1857 873 1896 sen
897 1833 1153 1917 archipresbyteris

118 1938 277 2010 ruralibus,
291 1938 368 2020 quod
384 1951 413 2000 et
427 1937 468 1999 eis
483 1959 534 2021 per
549 1937 736 2000 secretarium
749 1949 881 1999 nostrum
893 1936 1062 2019 tempestive
1076 1934 1153 1998 indi·

11 2123 12 2126 *
117 2042 176 2104 cari
191 2041 335 2103 volumus.

159 2167 173 2200 a
199 2143 365 2204 Notandum
381 2148 419 2203 1⁰.
431 2140 561 2217 Quilibet
572 2139 747 2202 vicariorum
759 2138 938 2220 generalium
951 2138 1064 2202 easdem
1073 2159 1153 2201 seor·

118 2245 171 2306 sim
188 2244 224 2305 ab
247 2244 312 2306 aliis
333 2243 485 2305 facultates
499 2241 599 2314 babet,
618 2241 689 2303 adeo
704 2240 872 2323 utquisque
887 2261 987 2303 eorum
1003 2241 1153 2302 consrtltus

117 2357 167 2406 aut
181 2357 301 2424 rogatus
317 2344 482 2406 facultatem
499 2363 581 2405 suam
600 2343 693 2405 valide
707 2363 838 2404 exercere
862 2343 967 2426 possit,
986 2343 1072 2404 etiam
1088 2343 1153 2405 aliis

119 2466 175 2507 non
192 2444 344 2507 consultis.

160 2571 174 2604 n
199 2550 230 2608 Ψ
251 2550 282 2608 ln
304 2545 480 2608 conferendo
502 2558 597 2607 tamen
619 2545 774 2618 beneficio,
796 2566 894 2607 curam
917 2547 1080 2609 animarum
1101 2568 1153 2609 an·

10 2707 11 2710 ,
119 2667 219 2709 nexam
238 2646 378 2718 habente,
399 2646 569 2728 amplissimi
590 2646 701 2709 domini
718 2659 853 2709 votorum
876 2646 1041 2730 pluralitate
1052 2669 1153 2731 proce·

10 2797 11 2808 2
119 2748 186 2810 dere
201 2747 360 2819 debebunt,
376 2759 405 2808 et
418 2746 442 2808 si
453 2747 569 2809 collatio
583 2746 668 2810 facile
682 2759 711 2809 et
722 2746 786 2809 sine
799 2748 962 2810 animarum
978 2749 1153 2811 detrimento

10 2865 11 2886 ³
119 2849 228 2913 differri
254 2849 358 2932 possit,
384 2869 436 2930 per
456 2848 650 2930 provisionem
676 2848 769 2911 eidem
795 2861 845 2910 aut
874 2869 925 2930 per
944 2849 1152 2912 deservituram

10 2987 11 2998 ,
120 2951 320 3034 provideatur,
336 2950 428 3012 donec
440 2950 530 3032 ipsius
544 2949 671 3033 episcopi
686 2950 830 3012 sententia
845 2950 1019 3032 exploretur.

159 3079 173 3111 a
199 3057 230 3115 5⁰
251 3051 369 3138 Siquid
384 3051 461 3133 typis
475 3051 671 3113 mandandum
685 3052 738 3124 sit,
754 3051 826 3114 illud
842 3052 1015 3115 anctoritate
1031 3052 1154 3114 senioris

10 3137 11 3152 ³
120 3154 219 3216 vicarii
231 3153 260 3214 in
274 3152 422 3235 publicum
438 3152 549 3226 edatur,
561 3151 681 3236 ejusque
692 3173 798 3214 nornen
811 3152 841 3215 in
855 3153 949 3215 fronte
960 3153 1111 3236 praeferat.

159 3283 173 3313 a
197 3260 231 3317 4⁰
252 3254 382 3330 Quilibet
400 3253 527 3316 vicarius
548 3255 683 3317 notitiam
703 3255 813 3318 tenebit
828 3274 944 3328 eornm,
957 3275 1030 3337 qnae
1046 3255 1076 3316 in
1091 3254 1154 3316 dies

121 3357 284 3440 perfecerit,
305 3369 334 3418 et
355 3377 427 3439 quae
445 3367 547 3418 notatu
567 3355 656 3438 digna
675 3370 755 3431 sunt,
776 3356 812 3418 ad
830 3356 1001 3419 secretarios
1024 3369 1152 3427 nostros,
1235 3434 1238 3444 Ι

23 3453 25 3460 ’
120 3459 231 3522 meliori
246 3479 303 3542 qno
318 3458 408 3541 possit
427 3458 529 3534 modo,
551 3459 768 3542 quamprimum
793 3457 922 3532 deferet,
940 3470 970 3521 ut
983 3459 1153 3542 tempestive

121 3561 215 3622 omnia
229 3572 258 3622 et
268 3571 401 3621 accurate
412 3560 485 3621 actis
498 3559 711 3643 episcopalibus
726 3561 901 3625 inserantur.

162 3665 295 3744 »Atque
317 3660 372 3722 hae
396 3660 512 3743 quidem
537 3660 688 3723 facultates
713 3661 749 3722 ad
779 3660 991 3743 heneplacitum
1019 3672 1152 3722 nostrum

122 3773 232 3824 tantum
248 3782 400 3825 concessae
413 3781 447 3824 ac
463 3761 619 3825 duraturae
633 3761 843 3844 intelligantur.
865 3788 878 3820 ι
896 3801 934 3811 -ω
948 3762 1001 3824 Ea
1012 3766 1084 3824 actia
1094 3767 1151 3833 cc..

122 3863 169 3941 fol.
180 3867 230 3924 ld.

160 3967 305 4044 d8junii,
320 3964 570 4048 appropinquante
590 3963 718 4028 bostium
733 3965 876 4039 exercitu,
892 3963 1016 4027 Nelisins
1029 3970 1150 4026 dntver-

512 4089 518 4125 l
