3034 4908
791 415 941 511 (aaa)

664 612 702 663 50.
721 615 886 666 Rooscnuaau.
904 615 929 665 L.
946 612 1002 664 500.

393 745 437 808 nh
458 743 577 830 ecelesia
596 745 730 828 Nispensl
751 749 852 829 (supra
866 721 947 808 uum.
964 744 1024 824 ut)
1038 744 1183 825 originem
1198 765 1281 809 sunm
1296 747 1385 809 traxit

354 845 474 908 ecclesia
497 845 749 909 Roosendalieusis
770 847 847 910 circa
866 867 914 908 aa.
936 847 1029 920 tuus,
1050 857 1084 908 ut
1103 857 1217 909 constat
1239 868 1272 908 cx
1291 846 1385 910 literis

305 943 306 946 ’
354 947 478 1009 Arnaldi
492 947 528 1010 dc
544 947 688 1010 Gaesbelao
702 953 806 1011 tatoris
821 951 939 1031 tepitimi
952 959 976 1010 et
993 950 1103 1009 dontini
1116 959 1211 1010 terrae
1224 952 1259 1010 de
1271 949 1384 1021 Breda,
1497 1015 1499 1020 ,

355 1049 386 1110 in
401 1047 507 1132 quibus
519 1047 606 1112 relert
618 1051 694 1130 paoni
707 1051 833 1112 laminas
844 1054 891 1112 cai
900 1053 934 1112 dc
948 1050 1123 1121 Caledonak,
1136 1054 1171 1112 ate
1184 1051 1385 1112 Halsdonclet

356 1153 389 1213 de
403 1152 576 1231 Lanpdoncl
587 1155 732 1213 constituti
739 1155 770 1213 in
780 1171 835 1213 aaa
840 1153 1022 1231 praesentia,
1033 1153 1173 1230 capellam
1183 1154 1270 1214 sitam
1280 1155 1312 1214 in
1326 1155 1385 1214 laco

355 1255 430 1315 dicto
443 1253 613 1324 Rooendale,
628 1255 664 1314 alt
680 1255 720 1314 eis
738 1256 909 1332 incoeptam,
927 1263 952 1314 et
970 1255 1181 1316 consideratam
1198 1256 1230 1315 ia
1249 1254 1387 1316 lunarem

355 1357 410 1417 Dei
418 1355 572 1418 Gmitriaia
585 1359 795 1427 sanctissimae,
803 1375 857 1434 per
867 1374 1034 1418 eonsensum
1044 1365 1070 1415 et
1083 1358 1256 1417 arolantatem
1265 1375 1387 1418 suoram

352 1459 570 1536 praelatorum,
582 1467 702 1536 propter
716 1460 897 1519 remotionem
913 1459 977 1518 niae
992 1459 1140 1518 amatrice
1154 1475 1208 1518 aaa
1223 1459 1342 1520 ecclcna
1354 1459 1387 1519 cle

356 1558 483 1638 Niepea,
495 1568 521 1620 et
534 1558 712 1638 desectionem
726 1578 783 1620 aon
795 1559 888 1620 solum
897 1563 930 1620 in
942 1561 1051 1620 diuinis
1064 1559 1180 1638 officiis,
1190 1557 1239 1619 secl
1250 1561 1282 1619 ia
1296 1578 1387 1620 necea-

355 1662 445 1721 aariis
456 1661 707 1722 ecclesiasticarum
714 1671 968 1731 sacramentorum,
978 1661 1139 1722 dotaverint
1149 1679 1249 1720 novem
1257 1659 1387 1721 canaitis

357 1770 466 1832 terrae,
486 1771 535 1822 etc.
550 1762 572 1822 ¹.
587 1761 691 1822 Curam
707 1759 878 1843 pastoralem
898 1757 1093 1842 procurabant
1112 1757 1244 1823 canonici
1258 1759 1388 1841 Tanger-

357 1859 478 1923 loeuscs.

632 2005 672 2056 at.
690 2007 835 2058 Rucrvauna
846 2018 888 2054 seu
905 2006 1045 2057 Roranam.
1062 2006 1089 2057 L.
1105 2004 1163 2056 550.

400 2105 599 2221 Paguspropc
612 2135 808 2209 Ruoseudacl,
822 2135 906 2218 cujus
920 2155 1020 2200 curam
1035 2135 1207 2220 pastoralem
1221 2133 1390 2198 conferebat

361 2259 457 2302 eomes
474 2241 713 2320 lloogstratnuus.
731 2239 809 2302 Olim
824 2253 886 2302 erat
896 2239 1046 2313 sacellum,
1061 2258 1120 2303 non
1139 2238 1196 2302 uisi
1211 2249 1277 2323 post
1290 2236 1390 2300 turbas

359 2338 582 2404 Caluinistnrum
597 2341 628 2404 iu
642 2340 808 2424 parochiam
822 2353 960 2405 creatum.

692 2525 733 2575 50.
750 2526 1010 2576 sior-curu-uurrm.
1028 2525 1055 2575 L.

400 2660 493 2718 Locus
506 2654 661 2738 aggeribus
678 2655 852 2719 circumdari
865 2668 894 2718 et
908 2655 1045 2718 exsiccari
1059 2654 1094 2717 ab
1109 2654 1191 2737 aquis
1203 2653 1300 2737 eoepit
1313 2675 1389 2717 auno

365 2761 452 2821 aaut.
471 2761 535 2820 Noa
553 2767 648 2820 tamea
662 2758 827 2822 verosimile
840 2771 883 2820 est
898 2757 1037 2821 continuo
1052 2757 1082 2819 in
1100 2757 1195 2820 uicum
1212 2767 1263 2818 aut
1282 2777 1390 2839 pagum

361 2861 534 2934 exaravisse,
557 2861 766 2924 multominus
789 2860 955 2945 parochiam
979 2860 1079 2932 luisse,
1101 2879 1175 2943 quae
1195 2858 1255 2921 illie
1276 2870 1390 2921 tantum

360 2974 454 3025 ereata
478 2962 534 3025 luit
558 2960 612 3024 suh
638 2973 760 3045 patrono
782 2967 811 3026 S.
831 2967 942 3026 Joanue
962 2961 1089 3045 Baptista
1114 2972 1180 3045 post
1205 2958 1307 3023 turbas
1330 2980 1391 3022 sae

362 3065 420 3128 culi
434 3067 506 3140 XVI,
520 3075 605 3129 autea
620 3065 698 3127 euim
712 3077 774 3130 erat
788 3064 930 3149 appendix
944 3063 1097 3148 parochiae
1111 3062 1147 3126 de
1161 3065 1287 3146 Fyuaert
1301 3061 1345 3126 vel
1356 3060 1390 3124 de

362 3165 564 3232 Oudeubosclt.

736 3310 776 3360 δῦ.
793 3311 973 3362 Saraucarum.
989 3310 1027 3362 la

404 3441 551 3526 Oppidum
562 3440 627 3514 hoc,
642 3439 753 3503 duabus
766 3440 883 3504 lancisa
898 3441 999 3524 Bergis
1013 3440 1048 3503 ad
1058 3443 1175 3503 Zomnm
1187 3437 1309 3514 distans,
1321 3438 1389 3502 olim

364 3541 526 3625 emporium
537 3542 693 3605 admodum
705 3542 811 3606 florens
823 3542 911 3606 luisse
922 3542 998 3605 sumn
1010 3540 1106 3604 refert.
1117 3543 1222 3604 Fertur
1232 3539 1321 3603 etiam
1333 3538 1390 3601 illia

364 3643 435 3705 olim
448 3644 536 3706 luisse
550 3644 704 3726 collegium
719 3642 925 3707 canonicorum
940 3665 989 3707 seu
1004 3642 1254 3712 beneficiatorum,
1270 3660 1390 3702 numero

366 3744 543 3828 quindecim,
559 3767 683 3828 quorum
699 3757 837 3830 patronus
851 3757 913 3808 erat
928 3747 957 3809 S.
971 3747 1146 3808 Gummarus
1159 3741 1206 3806 cui
1220 3740 1390 3825 paroehialis

400 3964 408 3998 ¹
427 3965 581 4035 Wichmnna,
593 3981 632 4034 op.
645 3966 694 4036 cit,
704 3983 727 4033 p.
737 3968 795 4021 557.
