3034 4908
331 1104 334 1108 ·
372 1088 535 1148 Parachiae
548 1098 572 1154 et
591 1077 721 1163 mnemia
740 1104 803 1144 cnm
824 1095 895 1144 turca
912 1085 1072 1143 eorumdem
1092 1085 1143 1143 aab
1162 1083 1398 1144 archidiaconatu

398 1189 597 1266 Antoerpiensi
609 1191 640 1248 in
655 1188 767 1246 ecclesia
782 1185 983 1248 Cameracensi
996 1189 1074 1245 circa
1084 1186 1168 1262 tinem
1180 1187 1287 1245 saccati
1298 1185 1378 1247 XIV.

410 1446 511 1508 Finem
526 1446 606 1526 operi
622 1444 759 1526 imponet,
776 1446 811 1506 ad
827 1446 918 1506 instar
933 1445 1101 1527 appendicis
1120 1445 1155 1507 ad
1175 1465 1295 1528 eaquae
1314 1466 1397 1527 snpra

372 1567 399 1628 p.
423 1551 482 1610 448
501 1547 536 1609 de
556 1545 790 1610 archidiaconatu
809 1536 1012 1628 hntverpiensi
1032 1558 1100 1608 ante
1120 1547 1303 1628 episcopatus
1321 1565 1398 1608 eree-

370 1647 479 1708 tionem
503 1647 682 1718 dictasunt,
707 1659 874 1728 excerptum
899 1667 933 1708 ex
958 1646 1046 1709 veteri
1070 1647 1195 1729 quodam
1224 1646 1398 1708 documento

370 1745 479 1826 inedito
497 1767 553 1829 quo
576 1747 757 1827 dignoscitur
778 1748 808 1809 in
828 1767 901 1830 quae
919 1748 982 1809 loca
1002 1747 1073 1808 olim
1092 1768 1154 1810 sese
1175 1743 1338 1810 extenderit
1352 1747 1399 1829 ju·

370 1847 499 1909 risdictin
525 1846 719 1909 archidiaconi
741 1848 960 1930 hntverpiensis
990 1848 1020 1909 in
1055 1848 1175 1910 ecelesia
1200 1848 1398 1911 cameracensi

370 1960 491 2016 exeunte
504 1949 618 2010 saeculo
635 1951 718 2020 XiV„

410 2049 467 2124 Qui
487 2048 595 2110 suerint
608 2068 640 2110 ea
655 2059 747 2110 aetate
761 2049 979 2132 episcopatuum
994 2047 1118 2120 dmitos,
1133 2070 1264 2132 quaeque
1284 2070 1398 2112 eorum-

370 2150 435 2212 dem
450 2151 480 2212 in
496 2149 746 2212 archidiaconatus
761 2162 791 2212 et
805 2150 960 2213 decanatus
974 2149 1077 2212 divisio
1088 2161 1117 2210 et
1128 2149 1233 2212 horum
1249 2150 1399 2232 parochiae

371 2249 573 2323 canenchein,
590 2250 668 2312 nulla
687 2271 720 2312 ex
738 2271 769 2312 re
786 2251 893 2313 rectius
908 2250 1044 2332 cognosci
1058 2261 1154 2333 potest
1173 2271 1260 2333 quam
1278 2271 1312 2312 en
1326 2251 1399 2312 anti·

369 2351 434 2434 quis
451 2354 541 2414 Tanis
554 2355 752 2432 beneficiorum
766 2373 839 2436 qnae
854 2354 883 2414 in
902 2353 1075 2436 quibusdam
1090 2352 1238 2415 codicibus
1253 2354 1333 2415 MSS.
1343 2373 1398 2414 sae-

370 2453 428 2514 culi
442 2455 504 2515 XIV
518 2467 547 2514 et
559 2457 609 2516 XV
624 2454 818 2536 reperiuntur.

409 2553 540 2616 Similem
556 2566 648 2616 tanam
664 2575 679 2616 e
693 2554 793 2616 codice
807 2554 913 2617 saeculi
926 2556 989 2617 xlv
1001 2575 1053 2637 pro
1068 2554 1191 2617 dioecesi
1201 2555 1398 2616 Cameracensi

370 2676 421 2740 per
442 2656 692 2718 archidiaconatus
712 2654 867 2718 distributa
888 2655 979 2717 edidit
999 2657 1044 2718 uir
1067 2655 1253 2726 doctissimus
1272 2655 1398 2739 mihique

370 2757 591 2820 colendissimus
614 2761 652 2818 La
669 2758 743 2818 Gmr
763 2757 793 2819 in
813 2778 865 2818 suo
889 2759 1045 2820 Cameraco
1068 2757 1256 2831 Christiano,
1278 2777 1307 2838 p.
1330 2760 1396 2820 494.

264 2935 265 2940 ¹
371 2847 433 2940 Ego
447 2858 563 2941 quidem
580 2870 609 2919 et
627 2859 820 2941 antiquiorem
841 2870 870 2919 et
888 2858 1057 2940 ampliorem
1076 2856 1215 2940 descripsi
1232 2878 1266 2920 ex
1280 2859 1339 2921 MS.
1354 2878 1396 2919 co·

371 2960 434 3022 dica
457 2959 578 3022 archivii
605 2959 868 3042 archiepiscopatus
891 2960 1115 3022 Mechliniensis.
1137 2959 1233 3022 Codex
1260 2959 1330 3030 ille,
1352 2980 1398 3021 ua·

371 3063 430 3124 riae
458 3061 560 3123 aetatis
583 3063 743 3144 scripturae
771 3074 799 3124 et
824 3061 1024 3124 characterum
1051 3061 1234 3124 documentis
1257 3060 1398 3143 repletus,

371 3160 520 3222 confectus
540 3182 589 3223 seu
608 3162 705 3244 potins
725 3160 863 3224 collectus
882 3173 1012 3244 tempore
1031 3161 1150 3222 Joannis
1172 3159 1208 3221 de
1231 3159 1398 3240 Burgundia

372 3262 436 3344 (qui
455 3265 689 3324 cameracensem
709 3260 859 3324 ecclesiam
881 3261 955 3324 rexit
975 3261 1011 3322 ab
1033 3281 1110 3323 anno
1132 3263 1212 3323 4440
1232 3259 1269 3321 ad
1289 3280 1397 3322 annum

372 3367 483 3441 4479),
506 3363 637 3424 continet
659 3366 831 3426 Tacatioacs
851 3367 1048 3443 beneficiorum
1068 3367 1193 3426 civitatis
1218 3375 1243 3424 et
1268 3365 1399 3426 dioecesis

373 3464 587 3527 Cameracensis
596 3469 752 3527 ‘secundam
767 3470 916 3544 antiquam
935 3469 1121 3537 taxationem,
1136 3467 1185 3526 sed
1198 3468 1345 3527 redactam
1362 3466 1399 3524 od

371 3577 511 3627 monetam
533 3577 691 3627 currentem
709 3585 765 3643 per
783 3569 924 3626 decretum
948 3566 1058 3628 Urbani
1076 3567 1107 3636 V,
1124 3585 1188 3626 earn
1208 3568 1399 3645 desiccatione

371 3683 490 3727 sacram
505 3667 683 3727 collatorum.
697 3665 741 3726 Ad
756 3664 864 3727 calcem
878 3664 966 3746 hujus
979 3677 1059 3726 tanae
1073 3665 1204 3748 sequitur
1220 3665 1315 3743 Capio
1328 3664 1398 3725 batte

373 3767 482 3826 domini
495 3770 639 3846 quondam
658 3769 768 3830 Urbani
783 3786 862 3845 pape
882 3771 976 3846 quinti
992 3771 1042 3847 qui
1061 3769 1200 3828 decimano
1214 3769 1343 3827 omniurn
1356 3767 1398 3824 be-

373 3870 540 3948 neficiorum
561 3871 812 3931 ecclesiastieorum
832 3873 864 3930 in
887 3873 970 3930 certis
991 3870 1153 3947 provinciis
1176 3871 1258 3948 reqai
1278 3868 1399 3928 Francia

375 3972 491 4030 reducit
509 3975 539 4031 in
559 3973 703 4032 medietate
723 3991 799 4031 anno
818 3973 928 4032 domini
945 3972 1093 4031 millesimo
1113 3971 1303 4031 trecentesima
1317 3986 1398 4028 seca·
