<?xml version="1.0" encoding="UTF-8"?>
<!DOCTYPE html PUBLIC "-//W3C//DTD XHTML 1.0 Transitional//EN"
    "http://www.w3.org/TR/xhtml1/DTD/xhtml1-transitional.dtd">
<html xmlns="http://www.w3.org/1999/xhtml" xml:lang="en" lang="en">
 <head>
  <title>
</title>
<meta http-equiv="Content-Type" content="text/html;charset=utf-8" />
  <meta name='ocr-system' content='tesseract 3.04.00' />
  <meta name='ocr-capabilities' content='ocr_page ocr_carea ocr_par ocr_line ocrx_word'/>
</head>
<body>
  <div class='ocr_page' id='page_1' title='image "./synopsisactorum00ramgoog_0155.png"; bbox 0 0 2990 4918; ppageno 0'>
   <div class='ocr_carea' id='block_1_1' title="bbox 555 479 704 576">
    <p class='ocr_par' dir='ltr' id='par_1_1' title="bbox 555 479 704 576">
     <span class='ocr_line' id='line_1_1' title="bbox 555 479 704 576; baseline -0.007 -24"><span class='ocrx_word' id='word_1_1' title='bbox 555 479 704 576; x_wconf 80' lang='lat' dir='ltr'><strong>(rer)</strong></span> 
     </span>
    </p>
   </div>
   <div class='ocr_carea' id='block_1_2' title="bbox 108 614 1234 3839">
    <p class='ocr_par' dir='ltr' id='par_1_2' title="bbox 108 614 1146 902">
     <span class='ocr_line' id='line_1_2' title="bbox 113 614 1146 700; baseline 0.004 -24"><span class='ocrx_word' id='word_1_2' title='bbox 113 614 197 696; x_wconf 74' lang='lat' dir='ltr'><strong>ginta</strong></span> <span class='ocrx_word' id='word_1_3' title='bbox 218 615 312 679; x_wconf 88' lang='lat' dir='ltr'><strong>tribus</strong></span> <span class='ocrx_word' id='word_1_4' title='bbox 330 638 346 678; x_wconf 91' lang='lat' dir='ltr'><strong>e</strong></span> <span class='ocrx_word' id='word_1_5' title='bbox 367 616 452 679; x_wconf 85' lang='lat' dir='ltr'><strong>Pario</strong></span> <span class='ocrx_word' id='word_1_6' title='bbox 468 637 612 680; x_wconf 88' lang='lat' dir='ltr'><strong>marmore</strong></span> <span class='ocrx_word' id='word_1_7' title='bbox 625 617 824 681; x_wconf 89' lang='lat' dir='ltr'><strong>substructum</strong></span> <span class='ocrx_word' id='word_1_8' title='bbox 838 617 982 680; x_wconf 87' lang='lat' dir='ltr'><strong>colomnis</strong></span> <span class='ocrx_word' id='word_1_9' title='bbox 994 639 1001 678; x_wconf 74' lang='grc' dir='ltr'>ι</span> <span class='ocrx_word' id='word_1_10' title='bbox 1015 617 1146 700; x_wconf 87' lang='lat' dir='ltr'><strong>sequitur</strong></span> 
     </span>
     <span class='ocr_line' id='line_1_3' title="bbox 112 716 1146 802; baseline 0.005 -24"><span class='ocrx_word' id='word_1_11' title='bbox 112 716 338 799; x_wconf 77' lang='lat' dir='ltr'><strong>Oosterlingana</strong></span> <span class='ocrx_word' id='word_1_12' title='bbox 350 717 455 781; x_wconf 90' lang='lat' dir='ltr'><strong>domus</strong></span> <span class='ocrx_word' id='word_1_13' title='bbox 468 737 518 782; x_wconf 86' lang='lat' dir='ltr'><strong>seo</strong></span> <span class='ocrx_word' id='word_1_14' title='bbox 534 722 647 782; x_wconf 81' lang='lat' dir='ltr'><strong>Hansae</strong></span> <span class='ocrx_word' id='word_1_15' title='bbox 659 719 849 792; x_wconf 75' lang='lat' dir='ltr'><strong>Teutonicae,</strong></span> <span class='ocrx_word' id='word_1_16' title='bbox 862 719 977 802; x_wconf 79' lang='lat' dir='ltr'>insigne</span> <span class='ocrx_word' id='word_1_17' title='bbox 986 718 1146 800; x_wconf 75' lang='lat' dir='ltr'><strong>elegantiae</strong></span> 
     </span>
     <span class='ocr_line' id='line_1_4' title="bbox 108 818 733 902; baseline 0.01 -22"><span class='ocrx_word' id='word_1_18' title='bbox 108 829 144 880; x_wconf 88' lang='lat' dir='ltr'><strong>et</strong></span> <span class='ocrx_word' id='word_1_19' title='bbox 157 818 324 902; x_wconf 88' lang='lat' dir='ltr'><strong>opulentiae</strong></span> <span class='ocrx_word' id='word_1_20' title='bbox 338 833 571 884; x_wconf 88' lang='lat' dir='ltr'><strong>monumentum.</strong></span> <span class='ocrx_word' id='word_1_21' title='bbox 730 825 733 830; x_wconf 81' lang='grc'><em>“</em></span> 
     </span>
    </p>

    <p class='ocr_par' dir='ltr' id='par_1_3' title="bbox 111 920 1234 1793">
     <span class='ocr_line' id='line_1_5' title="bbox 154 920 1146 1006; baseline 0.003 -23"><span class='ocrx_word' id='word_1_22' title='bbox 154 924 274 983; x_wconf 77' lang='lat' dir='ltr'><strong>Caetera</strong></span> <span class='ocrx_word' id='word_1_23' title='bbox 291 920 417 984; x_wconf 90' lang='lat' dir='ltr'><strong>civitatis</strong></span> <span class='ocrx_word' id='word_1_24' title='bbox 437 935 606 986; x_wconf 87' lang='lat' dir='ltr'><strong>ornamenta</strong></span> <span class='ocrx_word' id='word_1_25' title='bbox 620 921 739 1006; x_wconf 88' lang='lat' dir='ltr'><strong>ejusque</strong></span> <span class='ocrx_word' id='word_1_26' title='bbox 756 922 876 986; x_wconf 88' lang='lat' dir='ltr'><strong>diversis</strong></span> <span class='ocrx_word' id='word_1_27' title='bbox 895 921 1073 1005; x_wconf 78' lang='lat' dir='ltr'><strong>temporibus</strong></span> <span class='ocrx_word' id='word_1_28' title='bbox 1088 923 1146 986; x_wconf 87' lang='lat' dir='ltr'><strong>leta</strong></span> 
     </span>
     <span class='ocr_line' id='line_1_6' title="bbox 111 1019 1147 1107; baseline 0.004 -25"><span class='ocrx_word' id='word_1_29' title='bbox 111 1019 237 1102; x_wconf 81' lang='lat' dir='ltr'><strong>longum</strong></span> <span class='ocrx_word' id='word_1_30' title='bbox 252 1034 326 1084; x_wconf 88' lang='lat' dir='ltr'><strong>esset</strong></span> <span class='ocrx_word' id='word_1_31' title='bbox 340 1042 521 1103; x_wconf 84' lang='lat' dir='ltr'><strong>percurrere,</strong></span> <span class='ocrx_word' id='word_1_32' title='bbox 537 1022 572 1085; x_wconf 93' lang='lat' dir='ltr'><strong>de</strong></span> <span class='ocrx_word' id='word_1_33' title='bbox 589 1023 694 1107; x_wconf 89' lang='lat' dir='ltr'><strong>quibus</strong></span> <span class='ocrx_word' id='word_1_34' title='bbox 707 1023 781 1086; x_wconf 89' lang='lat' dir='ltr'><strong>nihil</strong></span> <span class='ocrx_word' id='word_1_35' title='bbox 793 1022 924 1106; x_wconf 89' lang='lat' dir='ltr'><strong>estquod</strong></span> <span class='ocrx_word' id='word_1_36' title='bbox 936 1023 1067 1086; x_wconf 88' lang='lat' dir='ltr'><strong>dicamus</strong></span> <span class='ocrx_word' id='word_1_37' title='bbox 1081 1036 1147 1106; x_wconf 92' lang='lat' dir='ltr'><strong>post</strong></span> 
     </span>
     <span class='ocr_line' id='line_1_7' title="bbox 112 1121 1145 1208; baseline 0.002 -24"><span class='ocrx_word' id='word_1_38' title='bbox 112 1121 295 1184; x_wconf 66' lang='lat' dir='ltr'><strong>modoinum</strong></span> <span class='ocrx_word' id='word_1_39' title='bbox 315 1123 551 1187; x_wconf 88' lang='lat' dir='ltr'><strong>Gnicciardioom</strong></span> <span class='ocrx_word' id='word_1_40' title='bbox 578 1123 607 1186; x_wconf 92' lang='lat' dir='ltr'><strong>in</strong></span> <span class='ocrx_word' id='word_1_41' title='bbox 634 1123 829 1208; x_wconf 80' lang='lat' dir='ltr'><strong>descriptione</strong></span> <span class='ocrx_word' id='word_1_42' title='bbox 855 1123 964 1204; x_wconf 73' lang='lat' dir='ltr'><strong>belgii,</strong></span> <span class='ocrx_word' id='word_1_43' title='bbox 989 1123 1145 1205; x_wconf 80' lang='lat' dir='ltr'><strong>Georgium</strong></span> 
     </span>
     <span class='ocr_line' id='line_1_8' title="bbox 112 1224 1147 1299; baseline 0.002 -14"><span class='ocrx_word' id='word_1_44' title='bbox 112 1226 263 1296; x_wconf 75' lang='lat' dir='ltr'><strong>Brennum,</strong></span> <span class='ocrx_word' id='word_1_45' title='bbox 280 1228 325 1286; x_wconf 82' lang='lat' dir='ltr'><strong>tl</strong></span> <span class='ocrx_word' id='word_1_46' title='bbox 343 1224 494 1288; x_wconf 88' lang='lat' dir='ltr'><strong>civitatum</strong></span> <span class='ocrx_word' id='word_1_47' title='bbox 516 1225 607 1299; x_wconf 89' lang='lat' dir='ltr'><strong>orbis,</strong></span> <span class='ocrx_word' id='word_1_48' title='bbox 626 1226 761 1290; x_wconf 85' lang='lat' dir='ltr'><strong>Carolum</strong></span> <span class='ocrx_word' id='word_1_49' title='bbox 779 1224 962 1289; x_wconf 85' lang='lat' dir='ltr'><strong>Scribonium</strong></span> <span class='ocrx_word' id='word_1_50' title='bbox 980 1224 1147 1288; x_wconf 82' lang='lat' dir='ltr'><strong>Bruxellen-</strong></span> 
     </span>
     <span class='ocr_line' id='line_1_9' title="bbox 112 1324 1144 1410; baseline 0.005 -25"><span class='ocrx_word' id='word_1_51' title='bbox 112 1343 193 1397; x_wconf 87' lang='lat' dir='ltr'><strong>sem,</strong></span> <span class='ocrx_word' id='word_1_52' title='bbox 207 1324 258 1408; x_wconf 88' lang='lat' dir='ltr'><strong>qui</strong></span> <span class='ocrx_word' id='word_1_53' title='bbox 280 1324 316 1388; x_wconf 88' lang='lat' dir='ltr'><strong>de</strong></span> <span class='ocrx_word' id='word_1_54' title='bbox 333 1326 491 1410; x_wconf 82' lang='lat' dir='ltr'><strong>Antverpia</strong></span> <span class='ocrx_word' id='word_1_55' title='bbox 512 1325 620 1390; x_wconf 87' lang='lat' dir='ltr'><strong>librum</strong></span> <span class='ocrx_word' id='word_1_56' title='bbox 639 1327 788 1408; x_wconf 81' lang='lat' dir='ltr'><strong>integrum</strong></span> <span class='ocrx_word' id='word_1_57' title='bbox 806 1326 937 1409; x_wconf 87' lang='lat' dir='ltr'><strong>scripsit,</strong></span> <span class='ocrx_word' id='word_1_58' title='bbox 959 1327 1144 1390; x_wconf 86' lang='lat' dir='ltr'><strong>Franciscuro</strong></span> 
     </span>
     <span class='ocr_line' id='line_1_10' title="bbox 111 1426 1146 1511; baseline -0.001 -22"><span class='ocrx_word' id='word_1_59' title='bbox 111 1426 271 1489; x_wconf 80' lang='lat' dir='ltr'><strong>Suectinnr</strong></span> <span class='ocrx_word' id='word_1_60' title='bbox 282 1426 313 1488; x_wconf 92' lang='lat' dir='ltr'><strong>io</strong></span> <span class='ocrx_word' id='word_1_61' title='bbox 328 1427 526 1491; x_wconf 84' lang='lat' dir='ltr'><strong>monumentis</strong></span> <span class='ocrx_word' id='word_1_62' title='bbox 536 1427 722 1502; x_wconf 83' lang='lat' dir='ltr'><strong>Brabaotiae‚</strong></span> <span class='ocrx_word' id='word_1_63' title='bbox 734 1428 921 1491; x_wconf 85' lang='lat' dir='ltr'><strong>Laurentium</strong></span> <span class='ocrx_word' id='word_1_64' title='bbox 935 1427 1102 1511; x_wconf 76' lang='lat' dir='ltr'><strong>Beyerlinclr</strong></span> <span class='ocrx_word' id='word_1_65' title='bbox 1116 1427 1146 1488; x_wconf 89' lang='lat' dir='ltr'><strong>in</strong></span> 
     </span>
     <span class='ocr_line' id='line_1_11' title="bbox 112 1526 1234 1613; baseline 0.004 -27"><span class='ocrx_word' id='word_1_66' title='bbox 112 1526 173 1590; x_wconf 88' lang='lat' dir='ltr'><strong>vita</strong></span> <span class='ocrx_word' id='word_1_67' title='bbox 188 1527 278 1590; x_wconf 90' lang='lat' dir='ltr'><strong>trium</strong></span> <span class='ocrx_word' id='word_1_68' title='bbox 290 1528 486 1611; x_wconf 87' lang='lat' dir='ltr'><strong>apostolorum</strong></span> <span class='ocrx_word' id='word_1_69' title='bbox 499 1530 761 1613; x_wconf 78' lang='lat' dir='ltr'><strong>botverpieosium</strong></span> <span class='ocrx_word' id='word_1_70' title='bbox 775 1532 891 1592; x_wconf 86' lang='lat' dir='ltr'><strong>Petrum</strong></span> <span class='ocrx_word' id='word_1_71' title='bbox 900 1529 1036 1592; x_wconf 86' lang='lat' dir='ltr'><strong>Divaeom</strong></span> <span class='ocrx_word' id='word_1_72' title='bbox 1049 1550 1145 1590; x_wconf 88' lang='lat' dir='ltr'><strong>rarum</strong></span> <span class='ocrx_word' id='word_1_73' title='bbox 1233 1565 1234 1569; x_wconf 60' lang='lat'><em>=</em></span> 
     </span>
     <span class='ocr_line' id='line_1_12' title="bbox 112 1626 1148 1714; baseline 0.004 -26"><span class='ocrx_word' id='word_1_74' title='bbox 112 1626 360 1692; x_wconf 85' lang='lat' dir='ltr'><strong>Brabuntinarnm</strong></span> <span class='ocrx_word' id='word_1_75' title='bbox 383 1629 434 1692; x_wconf 91' lang='lat' dir='ltr'><strong>lib.</strong></span> <span class='ocrx_word' id='word_1_76' title='bbox 449 1633 476 1702; x_wconf 96' lang='lat' dir='ltr'><strong>l,</strong></span> <span class='ocrx_word' id='word_1_77' title='bbox 492 1651 554 1713; x_wconf 90' lang='lat' dir='ltr'><strong>cap.</strong></span> <span class='ocrx_word' id='word_1_78' title='bbox 570 1635 603 1702; x_wconf 80' lang='lat'><strong>7,</strong></span> <span class='ocrx_word' id='word_1_79' title='bbox 625 1631 690 1694; x_wconf 86' lang='lat' dir='ltr'><strong>lob.</strong></span> <span class='ocrx_word' id='word_1_80' title='bbox 711 1635 792 1714; x_wconf 89' lang='lat' dir='ltr'><strong>Bapt.</strong></span> <span class='ocrx_word' id='word_1_81' title='bbox 807 1630 1018 1702; x_wconf 86' lang='lat' dir='ltr'><strong>Grammaiom,</strong></span> <span class='ocrx_word' id='word_1_82' title='bbox 1033 1642 1062 1692; x_wconf 89' lang='lat' dir='ltr'><strong>et</strong></span> <span class='ocrx_word' id='word_1_83' title='bbox 1076 1629 1148 1692; x_wconf 88' lang='lat' dir='ltr'><strong>alios</strong></span> 
     </span>
     <span class='ocr_line' id='line_1_13' title="bbox 112 1727 682 1793; baseline 0.002 -3"><span class='ocrx_word' id='word_1_84' title='bbox 112 1727 189 1791; x_wconf 89' lang='lat' dir='ltr'><strong>bene</strong></span> <span class='ocrx_word' id='word_1_85' title='bbox 205 1729 313 1792; x_wconf 88' lang='lat' dir='ltr'><strong>multos</strong></span> <span class='ocrx_word' id='word_1_86' title='bbox 327 1742 437 1792; x_wconf 89' lang='lat' dir='ltr'><strong>veteres</strong></span> <span class='ocrx_word' id='word_1_87' title='bbox 450 1751 484 1793; x_wconf 90' lang='lat' dir='ltr'><strong>ac</strong></span> <span class='ocrx_word' id='word_1_88' title='bbox 499 1729 682 1793; x_wconf 82' lang='lat' dir='ltr'><strong>recentiores.</strong></span> 
     </span>
    </p>

    <p class='ocr_par' dir='ltr' id='par_1_4' title="bbox 109 1830 1151 3431">
     <span class='ocr_line' id='line_1_14' title="bbox 154 1830 1149 1914; baseline 0.002 -22"><span class='ocrx_word' id='word_1_89' title='bbox 154 1832 275 1894; x_wconf 86' lang='lat' dir='ltr'><strong>Primos</strong></span> <span class='ocrx_word' id='word_1_90' title='bbox 285 1831 543 1914; x_wconf 82' lang='lat' dir='ltr'><strong>Aotverpieosibus</strong></span> <span class='ocrx_word' id='word_1_91' title='bbox 555 1832 743 1914; x_wconf 76' lang='lat' dir='ltr'><strong>Evangeliom</strong></span> <span class='ocrx_word' id='word_1_92' title='bbox 757 1831 935 1914; x_wconf 82' lang='lat' dir='ltr'><strong>praedicasse</strong></span> <span class='ocrx_word' id='word_1_93' title='bbox 947 1832 1038 1896; x_wconf 85' lang='lat' dir='ltr'><strong>sertor</strong></span> <span class='ocrx_word' id='word_1_94' title='bbox 1048 1830 1149 1894; x_wconf 84' lang='lat' dir='ltr'><strong>beatus</strong></span> 
     </span>
     <span class='ocr_line' id='line_1_15' title="bbox 112 1931 1147 2017; baseline -0.002 -21"><span class='ocrx_word' id='word_1_95' title='bbox 112 1931 277 2004; x_wconf 76' lang='lat' dir='ltr'><strong>Amandus,</strong></span> <span class='ocrx_word' id='word_1_96' title='bbox 292 1932 362 1994; x_wconf 92' lang='lat' dir='ltr'><strong>dom</strong></span> <span class='ocrx_word' id='word_1_97' title='bbox 375 1933 470 1997; x_wconf 88' lang='lat' dir='ltr'><strong>adbuc</strong></span> <span class='ocrx_word' id='word_1_98' title='bbox 480 1933 633 2017; x_wconf 91' lang='lat' dir='ltr'><strong>episcopus</strong></span> <span class='ocrx_word' id='word_1_99' title='bbox 644 1934 834 2016; x_wconf 81' lang='lat' dir='ltr'><strong>regionarios,</strong></span> <span class='ocrx_word' id='word_1_100' title='bbox 846 1933 976 2017; x_wconf 90' lang='lat' dir='ltr'><strong>nullique</strong></span> <span class='ocrx_word' id='word_1_101' title='bbox 989 1932 1050 1994; x_wconf 88' lang='lat' dir='ltr'><strong>sedi</strong></span> <span class='ocrx_word' id='word_1_102' title='bbox 1064 1953 1147 2014; x_wconf 89' lang='lat' dir='ltr'><strong>pecu-</strong></span> 
     </span>
     <span class='ocr_line' id='line_1_16' title="bbox 111 2034 1148 2118; baseline -0.001 -22"><span class='ocrx_word' id='word_1_103' title='bbox 111 2034 230 2096; x_wconf 88' lang='lat' dir='ltr'><strong>liariter</strong></span> <span class='ocrx_word' id='word_1_104' title='bbox 238 2034 371 2098; x_wconf 86' lang='lat' dir='ltr'><strong>addictos</strong></span> <span class='ocrx_word' id='word_1_105' title='bbox 385 2047 540 2116; x_wconf 85' lang='lat' dir='ltr'><strong>esset;quo</strong></span> <span class='ocrx_word' id='word_1_106' title='bbox 554 2035 692 2118; x_wconf 90' lang='lat' dir='ltr'><strong>temporis</strong></span> <span class='ocrx_word' id='word_1_107' title='bbox 707 2035 813 2117; x_wconf 88' lang='lat' dir='ltr'><strong>spatio,</strong></span> <span class='ocrx_word' id='word_1_108' title='bbox 824 2054 928 2117; x_wconf 87' lang='lat' dir='ltr'><strong>nempe</strong></span> <span class='ocrx_word' id='word_1_109' title='bbox 943 2034 1019 2095; x_wconf 89' lang='lat' dir='ltr'><strong>inter</strong></span> <span class='ocrx_word' id='word_1_110' title='bbox 1030 2054 1076 2095; x_wconf 88' lang='lat' dir='ltr'><strong>an.</strong></span> <span class='ocrx_word' id='word_1_111' title='bbox 1088 2037 1148 2097; x_wconf 68' lang='lat'><strong>626</strong></span> 
     </span>
     <span class='ocr_line' id='line_1_17' title="bbox 111 2133 1148 2219; baseline -0.004 -21"><span class='ocrx_word' id='word_1_112' title='bbox 111 2147 142 2198; x_wconf 88' lang='lat' dir='ltr'><strong>et</strong></span> <span class='ocrx_word' id='word_1_113' title='bbox 153 2137 216 2198; x_wconf 69' lang='lat'><strong>64¹1</strong></span> <span class='ocrx_word' id='word_1_114' title='bbox 229 2135 271 2196; x_wconf 89' lang='lat' dir='ltr'><strong>vel</strong></span> <span class='ocrx_word' id='word_1_115' title='bbox 285 2139 360 2206; x_wconf 69' lang='lat'><strong>648,</strong></span> <span class='ocrx_word' id='word_1_116' title='bbox 371 2156 429 2219; x_wconf 88' lang='lat' dir='ltr'><strong>qno</strong></span> <span class='ocrx_word' id='word_1_117' title='bbox 443 2134 634 2218; x_wconf 86' lang='lat' dir='ltr'><strong>Trnjecteosis</strong></span> <span class='ocrx_word' id='word_1_118' title='bbox 643 2135 679 2198; x_wconf 92' lang='lat' dir='ltr'><strong>ad</strong></span> <span class='ocrx_word' id='word_1_119' title='bbox 690 2139 798 2198; x_wconf 85' lang='lat' dir='ltr'><strong>Mosam</strong></span> <span class='ocrx_word' id='word_1_120' title='bbox 813 2135 963 2216; x_wconf 87' lang='lat' dir='ltr'><strong>episcopos</strong></span> <span class='ocrx_word' id='word_1_121' title='bbox 974 2133 1078 2204; x_wconf 88' lang='lat' dir='ltr'><strong>evasit,</strong></span> <span class='ocrx_word' id='word_1_122' title='bbox 1088 2134 1148 2215; x_wconf 88' lang='lat' dir='ltr'><strong>pri-</strong></span> 
     </span>
     <span class='ocr_line' id='line_1_18' title="bbox 112 2235 1149 2320; baseline -0.004 -20"><span class='ocrx_word' id='word_1_123' title='bbox 112 2258 197 2300; x_wconf 88' lang='lat' dir='ltr'><strong>munr</strong></span> <span class='ocrx_word' id='word_1_124' title='bbox 213 2237 288 2319; x_wconf 89' lang='lat' dir='ltr'><strong>apud</strong></span> <span class='ocrx_word' id='word_1_125' title='bbox 303 2240 498 2301; x_wconf 89' lang='lat' dir='ltr'><strong>Tornacenses</strong></span> <span class='ocrx_word' id='word_1_126' title='bbox 511 2249 540 2300; x_wconf 90' lang='lat' dir='ltr'><strong>et</strong></span> <span class='ocrx_word' id='word_1_127' title='bbox 554 2238 735 2308; x_wconf 86' lang='lat' dir='ltr'><strong>Gaudenses,</strong></span> <span class='ocrx_word' id='word_1_128' title='bbox 751 2249 848 2320; x_wconf 90' lang='lat' dir='ltr'><strong>postea</strong></span> <span class='ocrx_word' id='word_1_129' title='bbox 864 2236 939 2318; x_wconf 91' lang='lat' dir='ltr'><strong>apud</strong></span> <span class='ocrx_word' id='word_1_130' title='bbox 956 2235 1149 2298; x_wconf 89' lang='lat' dir='ltr'><strong>Brabantinos</strong></span> 
     </span>
     <span class='ocr_line' id='line_1_19' title="bbox 113 2338 1148 2423; baseline -0.001 -22"><span class='ocrx_word' id='word_1_131' title='bbox 113 2339 315 2423; x_wconf 78' lang='lat' dir='ltr'><strong>finitimosque</strong></span> <span class='ocrx_word' id='word_1_132' title='bbox 335 2340 457 2421; x_wconf 89' lang='lat' dir='ltr'><strong>populos</strong></span> <span class='ocrx_word' id='word_1_133' title='bbox 471 2341 591 2402; x_wconf 89' lang='lat' dir='ltr'><strong>verbum</strong></span> <span class='ocrx_word' id='word_1_134' title='bbox 612 2340 728 2402; x_wconf 89' lang='lat' dir='ltr'><strong>Domini</strong></span> <span class='ocrx_word' id='word_1_135' title='bbox 748 2338 961 2410; x_wconf 76' lang='lat' dir='ltr'><strong>disseminavit,</strong></span> <span class='ocrx_word' id='word_1_136' title='bbox 982 2350 1148 2402; x_wconf 86' lang='lat' dir='ltr'><strong>consecrata</strong></span> 
     </span>
     <span class='ocr_line' id='line_1_20' title="bbox 111 2438 1147 2523; baseline -0.002 -21"><span class='ocrx_word' id='word_1_137' title='bbox 111 2439 204 2502; x_wconf 86' lang='lat' dir='ltr'><strong>etiarn</strong></span> <span class='ocrx_word' id='word_1_138' title='bbox 220 2439 294 2521; x_wconf 90' lang='lat' dir='ltr'><strong>apud</strong></span> <span class='ocrx_word' id='word_1_139' title='bbox 311 2440 533 2523; x_wconf 71' lang='lat' dir='ltr'><strong>antverpienses</strong></span> <span class='ocrx_word' id='word_1_140' title='bbox 547 2439 576 2502; x_wconf 95' lang='lat' dir='ltr'><strong>in</strong></span> <span class='ocrx_word' id='word_1_141' title='bbox 593 2439 730 2503; x_wconf 88' lang='lat' dir='ltr'><strong>honorem</strong></span> <span class='ocrx_word' id='word_1_142' title='bbox 746 2441 794 2502; x_wconf 87' lang='lat' dir='ltr'><strong>SS.</strong></span> <span class='ocrx_word' id='word_1_143' title='bbox 814 2452 905 2522; x_wconf 85' lang='lat' dir='ltr'><strong>apost.</strong></span> <span class='ocrx_word' id='word_1_144' title='bbox 927 2439 1006 2501; x_wconf 90' lang='lat' dir='ltr'><strong>Petri</strong></span> <span class='ocrx_word' id='word_1_145' title='bbox 1021 2451 1050 2502; x_wconf 92' lang='lat' dir='ltr'><strong>et</strong></span> <span class='ocrx_word' id='word_1_146' title='bbox 1065 2438 1147 2500; x_wconf 90' lang='lat' dir='ltr'><strong>Pauli</strong></span> 
     </span>
     <span class='ocr_line' id='line_1_21' title="bbox 112 2539 1149 2622; baseline -0.003 -18"><span class='ocrx_word' id='word_1_147' title='bbox 112 2540 247 2604; x_wconf 87' lang='lat' dir='ltr'><strong>ecclesia.</strong></span> <span class='ocrx_word' id='word_1_148' title='bbox 264 2541 331 2602; x_wconf 90' lang='lat' dir='ltr'><strong>lnde</strong></span> <span class='ocrx_word' id='word_1_149' title='bbox 343 2545 372 2604; x_wconf 87' lang='lat' dir='ltr'><strong>S.</strong></span> <span class='ocrx_word' id='word_1_150' title='bbox 394 2541 505 2622; x_wconf 74' lang='lat' dir='ltr'><strong>Eligios</strong></span> <span class='ocrx_word' id='word_1_151' title='bbox 519 2541 709 2604; x_wconf 88' lang='lat' dir='ltr'><strong>Torooccnsis</strong></span> <span class='ocrx_word' id='word_1_152' title='bbox 722 2561 756 2602; x_wconf 89' lang='lat' dir='ltr'><strong>ac</strong></span> <span class='ocrx_word' id='word_1_153' title='bbox 771 2539 1010 2620; x_wconf 82' lang='lat' dir='ltr'><strong>Noviomagensis</strong></span> <span class='ocrx_word' id='word_1_154' title='bbox 1028 2540 1149 2602; x_wconf 88' lang='lat' dir='ltr'><strong>antistes</strong></span> 
     </span>
     <span class='ocr_line' id='line_1_22' title="bbox 113 2639 1149 2727; baseline -0.004 -21"><span class='ocrx_word' id='word_1_155' title='bbox 113 2643 221 2715; x_wconf 82' lang='lat' dir='ltr'><strong>fidem,</strong></span> <span class='ocrx_word' id='word_1_156' title='bbox 235 2663 321 2727; x_wconf 88' lang='lat' dir='ltr'><strong>quam</strong></span> <span class='ocrx_word' id='word_1_157' title='bbox 337 2643 486 2706; x_wconf 82' lang='lat' dir='ltr'><strong>Amandus</strong></span> <span class='ocrx_word' id='word_1_158' title='bbox 500 2643 695 2726; x_wconf 82' lang='lat' dir='ltr'><strong>plantaverat,</strong></span> <span class='ocrx_word' id='word_1_159' title='bbox 716 2641 835 2724; x_wconf 75' lang='lat' dir='ltr'><strong>rigavit,</strong></span> <span class='ocrx_word' id='word_1_160' title='bbox 856 2653 885 2702; x_wconf 88' lang='lat' dir='ltr'><strong>et</strong></span> <span class='ocrx_word' id='word_1_161' title='bbox 906 2639 1045 2724; x_wconf 88' lang='lat' dir='ltr'><strong>usquead</strong></span> <span class='ocrx_word' id='word_1_162' title='bbox 1061 2641 1149 2703; x_wconf 89' lang='lat' dir='ltr'><strong>maris</strong></span> 
     </span>
     <span class='ocr_line' id='line_1_23' title="bbox 113 2740 1149 2825; baseline -0.002 -19"><span class='ocrx_word' id='word_1_163' title='bbox 113 2744 217 2806; x_wconf 86' lang='lat' dir='ltr'><strong>littore</strong></span> <span class='ocrx_word' id='word_1_164' title='bbox 232 2743 407 2825; x_wconf 79' lang='lat' dir='ltr'><strong>infatigabili</strong></span> <span class='ocrx_word' id='word_1_165' title='bbox 422 2743 482 2806; x_wconf 88' lang='lat' dir='ltr'><strong>zelo</strong></span> <span class='ocrx_word' id='word_1_166' title='bbox 495 2743 638 2818; x_wconf 77' lang='lat' dir='ltr'><strong>extendit,</strong></span> <span class='ocrx_word' id='word_1_167' title='bbox 652 2743 696 2806; x_wconf 90' lang='lat' dir='ltr'><strong>nti</strong></span> <span class='ocrx_word' id='word_1_168' title='bbox 714 2756 813 2805; x_wconf 91' lang='lat' dir='ltr'><strong>narrat</strong></span> <span class='ocrx_word' id='word_1_169' title='bbox 828 2746 859 2804; x_wconf 89' lang='lat' dir='ltr'><strong>B.</strong></span> <span class='ocrx_word' id='word_1_170' title='bbox 875 2741 1031 2804; x_wconf 74' lang='lat' dir='ltr'><strong>dadoenus</strong></span> <span class='ocrx_word' id='word_1_171' title='bbox 1044 2740 1075 2804; x_wconf 92' lang='lat' dir='ltr'><strong>in</strong></span> <span class='ocrx_word' id='word_1_172' title='bbox 1090 2741 1149 2804; x_wconf 86' lang='lat' dir='ltr'><strong>vita</strong></span> 
     </span>
     <span class='ocr_line' id='line_1_24' title="bbox 112 2843 1150 2927; baseline -0.002 -22"><span class='ocrx_word' id='word_1_173' title='bbox 112 2843 247 2927; x_wconf 89' lang='lat' dir='ltr'><strong>ejusdem</strong></span> <span class='ocrx_word' id='word_1_174' title='bbox 268 2847 296 2906; x_wconf 88' lang='lat' dir='ltr'><strong>S.</strong></span> <span class='ocrx_word' id='word_1_175' title='bbox 313 2845 423 2926; x_wconf 79' lang='lat' dir='ltr'><strong>Eligit:</strong></span> <span class='ocrx_word' id='word_1_176' title='bbox 444 2848 475 2904; x_wconf 88' lang='lat' dir='ltr'><em>F</em></span> <span class='ocrx_word' id='word_1_177' title='bbox 474 2847 654 2917; x_wconf 84' lang='lat' dir='ltr'><strong>lundreneer,</strong></span> <span class='ocrx_word' id='word_1_178' title='bbox 672 2845 783 2927; x_wconf 84' lang='lat' dir='ltr'><strong>inquit,</strong></span> <span class='ocrx_word' id='word_1_179' title='bbox 803 2855 886 2923; x_wconf 83' lang='lat' dir='ltr'><strong>etque</strong></span> <span class='ocrx_word' id='word_1_180' title='bbox 903 2845 1150 2922; x_wconf 82' lang='lat' dir='ltr'><strong>Aodeoerpensee,</strong></span> 
     </span>
     <span class='ocr_line' id='line_1_25' title="bbox 114 2945 1151 3026; baseline 0 -22"><span class='ocrx_word' id='word_1_181' title='bbox 114 2948 265 3008; x_wconf 76' lang='lat' dir='ltr'><strong>Frisiorum</strong></span> <span class='ocrx_word' id='word_1_182' title='bbox 273 2956 298 3007; x_wconf 87' lang='lat' dir='ltr'><strong>et</strong></span> <span class='ocrx_word' id='word_1_183' title='bbox 308 2945 409 3017; x_wconf 84' lang='lat' dir='ltr'><strong>Sueoi,</strong></span> <span class='ocrx_word' id='word_1_184' title='bbox 419 2958 444 3006; x_wconf 90' lang='lat' dir='ltr'><strong>et</strong></span> <span class='ocrx_word' id='word_1_185' title='bbox 455 2947 586 3008; x_wconf 82' lang='lat' dir='ltr'><strong>Barbari</strong></span> <span class='ocrx_word' id='word_1_186' title='bbox 595 2950 699 3026; x_wconf 81' lang='lat' dir='ltr'><strong>quique</strong></span> <span class='ocrx_word' id='word_1_187' title='bbox 707 2949 787 3006; x_wconf 68' lang='lat' dir='ltr'><strong>urea</strong></span> <span class='ocrx_word' id='word_1_188' title='bbox 798 2949 891 3006; x_wconf 86' lang='lat' dir='ltr'><strong>morie</strong></span> <span class='ocrx_word' id='word_1_189' title='bbox 900 2948 1000 3006; x_wconf 88' lang='lat' dir='ltr'><strong>littora</strong></span> <span class='ocrx_word' id='word_1_190' title='bbox 1010 2947 1151 3023; x_wconf 76' lang='lat' dir='ltr'><strong>deportet,</strong></span> 
     </span>
     <span class='ocr_line' id='line_1_26' title="bbox 113 3048 1150 3128; baseline -0.002 -20"><span class='ocrx_word' id='word_1_191' title='bbox 113 3067 186 3128; x_wconf 84' lang='lat' dir='ltr'><strong>quos</strong></span> <span class='ocrx_word' id='word_1_192' title='bbox 200 3049 275 3109; x_wconf 83' lang='lat' dir='ltr'><strong>velut</strong></span> <span class='ocrx_word' id='word_1_193' title='bbox 289 3051 320 3109; x_wconf 84' lang='lat' dir='ltr'><strong>in</strong></span> <span class='ocrx_word' id='word_1_194' title='bbox 334 3050 467 3110; x_wconf 78' lang='lat' dir='ltr'><strong>retronis</strong></span> <span class='ocrx_word' id='word_1_195' title='bbox 481 3051 588 3126; x_wconf 80' lang='lat' dir='ltr'><strong>potitos</strong></span> <span class='ocrx_word' id='word_1_196' title='bbox 599 3049 696 3108; x_wconf 81' lang='lat' dir='ltr'><strong>nullate</strong></span> <span class='ocrx_word' id='word_1_197' title='bbox 710 3049 804 3109; x_wconf 81' lang='lat' dir='ltr'><strong>adbuc</strong></span> <span class='ocrx_word' id='word_1_198' title='bbox 810 3048 1039 3126; x_wconf 79' lang='lat' dir='ltr'><strong>praedicationis</strong></span> <span class='ocrx_word' id='word_1_199' title='bbox 1053 3065 1150 3106; x_wconf 85' lang='lat' dir='ltr'><strong>comer</strong></span> 
     </span>
     <span class='ocr_line' id='line_1_27' title="bbox 115 3130 1151 3231; baseline -0.005 -21"><span class='ocrx_word' id='word_1_200' title='bbox 115 3153 319 3226; x_wconf 83' lang='lat' dir='ltr'><strong>impresserat,</strong></span> <span class='ocrx_word' id='word_1_201' title='bbox 332 3153 429 3226; x_wconf 85' lang='lat' dir='ltr'><strong>primo</strong></span> <span class='ocrx_word' id='word_1_202' title='bbox 443 3168 506 3210; x_wconf 82' lang='lat' dir='ltr'><strong>eum</strong></span> <span class='ocrx_word' id='word_1_203' title='bbox 521 3147 672 3231; x_wconf 77' lang='lat' dir='ltr'><strong>(Eligiom)</strong></span> <span class='ocrx_word' id='word_1_204' title='bbox 686 3151 784 3210; x_wconf 79' lang='lat' dir='ltr'><strong>hostili</strong></span> <span class='ocrx_word' id='word_1_205' title='bbox 798 3130 895 3209; x_wconf 77' lang='lat' dir='ltr'><strong>aninlo</strong></span> <span class='ocrx_word' id='word_1_206' title='bbox 908 3158 932 3207; x_wconf 91' lang='lat' dir='ltr'><strong>et</strong></span> <span class='ocrx_word' id='word_1_207' title='bbox 944 3166 1049 3208; x_wconf 84' lang='lat' dir='ltr'><strong>caereo</strong></span> <span class='ocrx_word' id='word_1_208' title='bbox 1062 3156 1151 3208; x_wconf 81' lang='lat' dir='ltr'><strong>morte</strong></span> 
     </span>
     <span class='ocr_line' id='line_1_28' title="bbox 115 3249 1150 3328; baseline -0.002 -18"><span class='ocrx_word' id='word_1_209' title='bbox 115 3262 310 3327; x_wconf 79' lang='lat' dir='ltr'><strong>retemperant.</strong></span> <span class='ocrx_word' id='word_1_210' title='bbox 324 3253 360 3311; x_wconf 84' lang='lat' dir='ltr'><strong>Et</strong></span> <span class='ocrx_word' id='word_1_211' title='bbox 372 3251 494 3320; x_wconf 89' lang='lat' dir='ltr'><strong>iterum,</strong></span> <span class='ocrx_word' id='word_1_212' title='bbox 505 3253 627 3312; x_wconf 88' lang='lat' dir='ltr'><strong>multum</strong></span> <span class='ocrx_word' id='word_1_213' title='bbox 637 3261 787 3328; x_wconf 84' lang='lat' dir='ltr'><strong>practerea</strong></span> <span class='ocrx_word' id='word_1_214' title='bbox 798 3253 829 3310; x_wconf 82' lang='lat' dir='ltr'><strong>in</strong></span> <span class='ocrx_word' id='word_1_215' title='bbox 840 3250 979 3311; x_wconf 83' lang='lat' dir='ltr'><strong>Floudrie</strong></span> <span class='ocrx_word' id='word_1_216' title='bbox 990 3249 1150 3309; x_wconf 83' lang='lat' dir='ltr'><strong>loboravit:</strong></span> 
     </span>
     <span class='ocr_line' id='line_1_29' title="bbox 109 3351 719 3431; baseline -0.003 -19"><span class='ocrx_word' id='word_1_217' title='bbox 109 3351 180 3431; x_wconf 82' lang='lat' dir='ltr'><strong>jupi</strong></span> <span class='ocrx_word' id='word_1_218' title='bbox 192 3356 333 3412; x_wconf 80' lang='lat' dir='ltr'><strong>instantio</strong></span> <span class='ocrx_word' id='word_1_219' title='bbox 347 3353 529 3430; x_wconf 80' lang='lat' dir='ltr'><strong>Andoeerpie</strong></span> <span class='ocrx_word' id='word_1_220' title='bbox 539 3356 682 3431; x_wconf 80' lang='lat' dir='ltr'><strong>pupoouit</strong></span> <span class='ocrx_word' id='word_1_221' title='bbox 697 3355 719 3410; x_wconf 89' lang='lat'><strong>¹.</strong></span> 
     </span>
    </p>

    <p class='ocr_par' dir='ltr' id='par_1_5' title="bbox 117 3449 1151 3839">
     <span class='ocr_line' id='line_1_30' title="bbox 159 3449 1151 3535; baseline 0 -23"><span class='ocrx_word' id='word_1_222' title='bbox 159 3453 233 3512; x_wconf 86' lang='lat' dir='ltr'><strong>Tum</strong></span> <span class='ocrx_word' id='word_1_223' title='bbox 252 3449 354 3515; x_wconf 87' lang='lat' dir='ltr'><strong>beatus</strong></span> <span class='ocrx_word' id='word_1_224' title='bbox 368 3451 575 3514; x_wconf 87' lang='lat' dir='ltr'><strong>Willibrordus</strong></span> <span class='ocrx_word' id='word_1_225' title='bbox 587 3451 782 3535; x_wconf 67' lang='lat' dir='ltr'><strong>Traiectensis</strong></span> <span class='ocrx_word' id='word_1_226' title='bbox 796 3452 832 3513; x_wconf 90' lang='lat' dir='ltr'><strong>ad</strong></span> <span class='ocrx_word' id='word_1_227' title='bbox 847 3451 981 3514; x_wconf 83' lang='lat' dir='ltr'><strong>llhenonr</strong></span> <span class='ocrx_word' id='word_1_228' title='bbox 998 3449 1151 3532; x_wconf 88' lang='lat' dir='ltr'><strong>episcopos</strong></span> 
     </span>
     <span class='ocr_line' id='line_1_31' title="bbox 117 3550 1150 3638; baseline -0.001 -23"><span class='ocrx_word' id='word_1_229' title='bbox 117 3552 206 3616; x_wconf 87' lang='lat' dir='ltr'><strong>lidcm</strong></span> <span class='ocrx_word' id='word_1_230' title='bbox 219 3553 255 3615; x_wconf 91' lang='lat' dir='ltr'><strong>ab</strong></span> <span class='ocrx_word' id='word_1_231' title='bbox 270 3553 328 3616; x_wconf 88' lang='lat' dir='ltr'><strong>illis</strong></span> <span class='ocrx_word' id='word_1_232' title='bbox 340 3553 497 3636; x_wconf 87' lang='lat' dir='ltr'><strong>plantatam</strong></span> <span class='ocrx_word' id='word_1_233' title='bbox 509 3566 596 3638; x_wconf 89' lang='lat' dir='ltr'><strong>atque</strong></span> <span class='ocrx_word' id='word_1_234' title='bbox 606 3553 743 3634; x_wconf 78' lang='lat' dir='ltr'><strong>rigatam,</strong></span> <span class='ocrx_word' id='word_1_235' title='bbox 758 3557 816 3616; x_wconf 88' lang='lat' dir='ltr'><strong>Deo</strong></span> <span class='ocrx_word' id='word_1_236' title='bbox 829 3553 1040 3616; x_wconf 86' lang='lat' dir='ltr'><strong>incrementum</strong></span> <span class='ocrx_word' id='word_1_237' title='bbox 1054 3550 1150 3620; x_wconf 87' lang='lat' dir='ltr'><strong>dante,</strong></span> 
     </span>
     <span class='ocr_line' id='line_1_32' title="bbox 117 3652 1151 3738; baseline -0.002 -22"><span class='ocrx_word' id='word_1_238' title='bbox 117 3656 161 3717; x_wconf 88' lang='lat' dir='ltr'><strong>sic</strong></span> <span class='ocrx_word' id='word_1_239' title='bbox 177 3653 302 3716; x_wconf 77' lang='lat' dir='ltr'><strong>feliciter</strong></span> <span class='ocrx_word' id='word_1_240' title='bbox 315 3654 497 3738; x_wconf 80' lang='lat' dir='ltr'><strong>propagavit,</strong></span> <span class='ocrx_word' id='word_1_241' title='bbox 514 3666 546 3717; x_wconf 92' lang='lat' dir='ltr'><strong>ot</strong></span> <span class='ocrx_word' id='word_1_242' title='bbox 561 3654 665 3718; x_wconf 88' lang='lat' dir='ltr'><strong>merito</strong></span> <span class='ocrx_word' id='word_1_243' title='bbox 680 3654 757 3717; x_wconf 89' lang='lat' dir='ltr'><strong>inter</strong></span> <span class='ocrx_word' id='word_1_244' title='bbox 770 3654 915 3737; x_wconf 86' lang='lat' dir='ltr'><strong>apostolos</strong></span> <span class='ocrx_word' id='word_1_245' title='bbox 929 3652 1151 3736; x_wconf 74' lang='lat' dir='ltr'><strong>antverpienses</strong></span> 
     </span>
     <span class='ocr_line' id='line_1_33' title="bbox 117 3753 1150 3839; baseline -0.003 -22"><span class='ocrx_word' id='word_1_246' title='bbox 117 3768 342 3828; x_wconf 87' lang='lat' dir='ltr'><strong>annumeretur,</strong></span> <span class='ocrx_word' id='word_1_247' title='bbox 353 3757 400 3818; x_wconf 90' lang='lat' dir='ltr'><strong>cui</strong></span> <span class='ocrx_word' id='word_1_248' title='bbox 415 3756 503 3818; x_wconf 88' lang='lat' dir='ltr'><strong>etiarn</strong></span> <span class='ocrx_word' id='word_1_249' title='bbox 516 3755 669 3838; x_wconf 74' lang='lat' dir='ltr'><strong>llobingus</strong></span> <span class='ocrx_word' id='word_1_250' title='bbox 682 3755 800 3839; x_wconf 88' lang='lat' dir='ltr'><strong>quidam</strong></span> <span class='ocrx_word' id='word_1_251' title='bbox 812 3755 857 3818; x_wconf 85' lang='lat' dir='ltr'><strong>vir</strong></span> <span class='ocrx_word' id='word_1_252' title='bbox 871 3753 978 3817; x_wconf 88' lang='lat' dir='ltr'><strong>nobilis</strong></span> <span class='ocrx_word' id='word_1_253' title='bbox 991 3765 1021 3816; x_wconf 89' lang='lat' dir='ltr'><strong>et</strong></span> <span class='ocrx_word' id='word_1_254' title='bbox 1033 3765 1150 3836; x_wconf 81' lang='lat' dir='ltr'><strong>potens,</strong></span> 
     </span>
    </p>
   </div>
   <div class='ocr_carea' id='block_1_3' title="bbox 154 3991 433 4062">
    <p class='ocr_par' dir='ltr' id='par_1_6' title="bbox 154 3991 433 4062">
     <span class='ocr_line' id='line_1_34' title="bbox 154 3991 433 4062; baseline -0.007 -16"><span class='ocrx_word' id='word_1_255' title='bbox 154 3991 161 4022; x_wconf 87' lang='lat'><strong>¹</strong></span> <span class='ocrx_word' id='word_1_256' title='bbox 181 3992 233 4046; x_wconf 89' lang='lat' dir='ltr'><strong>Lib.</strong></span> <span class='ocrx_word' id='word_1_257' title='bbox 248 3993 283 4062; x_wconf 88' lang='lat' dir='ltr'><strong>ll,</strong></span> <span class='ocrx_word' id='word_1_258' title='bbox 295 4009 348 4060; x_wconf 86' lang='lat' dir='ltr'><strong>cap.</strong></span> <span class='ocrx_word' id='word_1_259' title='bbox 361 3994 384 4044; x_wconf 83' lang='lat'><strong>8.</strong></span> <span class='ocrx_word' id='word_1_260' title='bbox 431 3997 433 4002; x_wconf 90' lang='lat'>&#39;</span> 
     </span>
    </p>
   </div>
   <div class='ocr_carea' id='block_1_4' title="bbox 0 0 1508 4918">
    <p class='ocr_par' dir='ltr' id='par_1_7' title="bbox 0 0 1508 4918">
     <span class='ocr_line' id='line_1_35' title="bbox 0 0 1508 4918; baseline 0 0"><span class='ocrx_word' id='word_1_261' title='bbox 0 0 1508 4918; x_wconf 95' lang='lat' dir='ltr'><strong> </strong></span> 
     </span>
    </p>
   </div>
  </div>
 </body>
</html>
