2990 4918
801 449 951 552 (roa)

363 585 479 648 unitates
502 587 670 652 innumeras
688 589 794 674 quibus
815 610 954 652 romanus
970 609 1020 651 seu
1037 589 1205 671 pontilicins
1221 601 1315 653 status
1328 591 1388 653 dira

362 699 480 748 uexatus
493 699 522 764 et
538 701 648 752 tantum
665 711 722 752 non
745 689 980 774 oppressus'loit.
1001 690 1115 752 Etenim
1132 711 1230 754 meuse
1244 691 1388 753 febroario
1479 767 1480 780 ἶ

363 790 432 851 Pius
445 793 480 852 Vl
498 792 578 855 nullo
589 793 649 875 jum
671 794 792 876 pudore,
813 794 892 855 nulla
907 794 1064 856 senectutis
1083 793 1145 875 ejus
1164 806 1214 856 aut
1236 794 1389 876 dignitatis
1478 817 1480 836 .

363 888 459 952 habita
475 894 594 964 ratione,
610 894 670 956 suis
681 915 713 956 ex
725 895 844 957 aedibus
857 895 884 956 vi
898 896 1029 967 eductus,
1041 897 1132 956 Roma
1144 899 1273 974 (aeterno
1285 899 1389 957 Roma-
1479 887 1480 904 ,

362 1011 466 1054 norum
483 994 656 1056 Pontificum
673 997 748 1057 Petri
768 1017 966 1059 successorum
986 995 1146 1071 domicilio)
1162 996 1299 1059 excedere
1313 1017 1389 1058 com-

363 1095 461 1174 pulsus
478 1107 533 1167 est,
556 1097 624 1158 dnm
649 1097 766 1159 interim
789 1117 891 1160 vesana
917 1096 997 1179 plebs
1017 1097 1181 1159 incredibili
1203 1099 1350 1180 protervia
1363 1110 1389 1159 et

362 1194 462 1257 effreni
477 1195 593 1259 licentia
609 1219 688 1260 sacra
703 1199 800 1260 omnia
814 1199 992 1281 profanaque
1007 1198 1204 1260 conculcabat.

402 1296 539 1379 Captivos
567 1300 700 1361 Pontifex
724 1300 865 1362 Maximus
893 1300 1020 1382 primum
1047 1298 1189 1363 deductus
1215 1311 1259 1361 est
1286 1301 1388 1374 Senos,
1479 1305 1481 1382 ’Ῑ

363 1400 516 1462 Hetruriae
537 1400 654 1475 urbem,
677 1423 694 1463 a
715 1403 862 1464 Florentia
883 1399 1056 1462 milliaribus
1076 1400 1228 1462 duodecim
1250 1400 1389 1463 dissitam.
1479 1455 1481 1490 ς

364 1499 500 1573 Nelisius,
515 1513 548 1563 ut
565 1505 716 1563 Pastorum
736 1501 896 1584 principem
916 1500 1127 1570 consolaretur,
1142 1521 1172 1562 se
1186 1501 1256 1563 illuc
1269 1523 1304 1564 eo
1320 1514 1390 1564 tcm·

363 1620 433 1681 pore
444 1602 577 1673 eontulit,
587 1603 685 1685 ibique
695 1623 806 1664 moram
819 1603 906 1664 traxit
916 1614 994 1664 certe
1007 1621 1096 1684 usque
1107 1602 1143 1662 ad
1154 1599 1230 1663 diem
1243 1607 1283 1665 16
1293 1604 1391 1684 aprilis

364 1703 456 1773 1798,
480 1723 537 1784 quo
561 1703 746 1784 Antverpiam
771 1702 922 1784 epistolam
937 1703 1070 1784 scripsit,
1091 1701 1176 1784 cujus
1196 1702 1389 1784 fragmentum
1479 1765 1481 1786 ,

364 1801 439 1862 infra
450 1801 526 1864 inter
537 1815 600 1864 acta
615 1804 788 1865 vicariorum
800 1804 978 1886 generalium
992 1803 1124 1866 referam.
1137 1806 1179 1864 Ex
1192 1805 1314 1866 Senensi
1328 1826 1390 1867 cus·
1479 1787 1481 1804 ⁴

363 1901 441 1963 todia
467 1902 501 1963 ad
524 1903 730 1967 Carthasianos
754 1905 938 1967 Florentinos
958 1905 1094 1966 eductum
1118 1903 1290 1966 Pontificem
1311 1905 1390 1988 quasi
1480 1967 1481 2002 ,

363 2004 490 2065 vicinum
512 2005 625 2087 praesul
648 2019 746 2070 noster
768 2007 872 2069 deinde
893 2006 1003 2069 babuit,
1028 2003 1121 2088 Hujus
1141 2005 1182 2067 rei
1207 2005 1343 2068 meminit
1362 2007 1390 2068 in
1480 2005 1481 2056 ἶ

363 2105 484 2189 epistola
501 2107 662 2172 Florentiae
685 2110 792 2191 scripta
819 2113 858 2170 15
879 2106 956 2190 junii
982 2111 1077 2178 1198,
1099 2119 1127 2167 et
1148 2108 1336 2190 Antverpiam
1357 2108 1391 2170 ad
1480 2137 1481 2170 l

363 2208 550 2270 secretarium
578 2231 662 2272 suum
687 2210 848 2271 Antonium
874 2211 985 2271 Oomen
1012 2207 1098 2268 missa
1123 2206 1158 2267 ad
1183 2207 1391 2270 exhortandum
1480 2221 1481 2270 1

364 2306 473 2369 clerum
487 2322 519 2370 ut
533 2330 601 2390 erga
611 2330 660 2372 eos
669 2309 718 2391 qui
725 2312 924 2389 jurcoaeutum
938 2313 1011 2380 odii,
1022 2320 1055 2370 nt
1066 2307 1164 2378 aiunt,
1178 2310 1390 2389 praestiterant,
1480 2347 1481 2350 =

364 2423 514 2473 mansuete
528 2433 558 2473 se
571 2423 712 2492 gererent.
735 2415 828 2474 «Non
845 2431 945 2474 omnes
964 2409 1077 2491 latebat)
1093 2407 1230 2490 epistolas
1248 2412 1391 2494 accepisse

367 2535 381 2568 u
406 2534 453 2574 me
466 2534 498 2574 ex
513 2512 657 2596 adscripto
672 2533 860 2575 numerorum
876 2526 999 2576 scemate
1010 2513 1123 2596 judico,
1135 2511 1191 2574 nisi
1208 2513 1331 2575 fortasse
1346 2526 1391 2574 tna
1480 2507 1482 2586 ἶ

366 2637 380 2671 a
407 2626 434 2674 te
448 2611 646 2676 adnumeratio
664 2613 808 2676 fefellerit.
823 2615 927 2697 Accepi
945 2627 1041 2676 tamen
1056 2628 1199 2699 quotquot
1212 2614 1286 2676 mibi
1300 2635 1391 2676 neces·

367 2739 381 2772 u
405 2715 497 2776 seriae
510 2714 601 2787 luere,
613 2727 645 2777 ut
659 2716 693 2777 de
709 2717 800 2778 totius
815 2717 855 2778 rei
870 2717 960 2777 immo
974 2717 1106 2780 omnium
1120 2739 1217 2780 rerum
1229 2729 1306 2779 statu
1320 2716 1392 2799 diju·

367 2840 383 2874 a
403 2816 499 2878 dicare
519 2831 596 2880 reete
614 2819 731 2901 possim.
751 2816 816 2880 Tibi
837 2819 890 2880 leci
912 2819 996 2890 satis,
1017 2819 1070 2881 leci
1090 2820 1208 2882 etmihi
1229 2819 1259 2880 in
1279 2819 1392 2901 negotio

367 2942 382 2977 u
406 2918 557 2981 Huleuano
572 2923 598 2994 ¹,
613 2921 642 2980 in
658 2941 715 3002 quo
734 2940 788 3001 ego
810 2919 939 3002 prolecto
957 2919 1066 2984 nnllam
1086 2922 1200 3005 culpam
1217 2920 1316 2982 babni.
1339 2918 1392 2982 Sed

367 3045 382 3079 n
406 3020 488 3082 finita
500 3019 568 3082 baec
583 3041 627 3082 res
642 3034 694 3082 est.
712 3023 768 3082 Vos
784 3033 895 3082 tantum
912 3043 948 3083 ne
960 3021 1033 3084 mala
1048 3036 1146 3084 nostra
1157 3043 1247 3104 eaque
1260 3020 1392 3084 ecclesia·

368 3147 382 3180 a
407 3142 471 3182 rum
494 3120 624 3183 omnium
645 3120 808 3202 aggravetis
829 3135 1012 3206 praepostero
1035 3123 1095 3185 zelo
1118 3122 1227 3205 aliquid
1248 3121 1391 3192 iaciendo,

368 3247 382 3281 u
406 3242 477 3284 neue
491 3242 595 3304 quaeso
614 3221 730 3302 longius
750 3223 971 3305 progrediamur
990 3245 1076 3307 quam
1098 3224 1142 3288 vel
1161 3222 1393 3306 archiepiscopus

366 3349 381 3382 a
405 3337 511 3397 vester,
534 3324 623 3386 immo
637 3345 694 3386 una
715 3345 781 3387 cnm
801 3327 922 3388 Summo
944 3321 1084 3388 Pontifiie
1103 3326 1177 3410 (qui,
1199 3326 1277 3408 quod
1299 3325 1391 3392 scitis.

366 3448 380 3482 a
405 3423 470 3486 beic
483 3424 558 3507 apud
577 3445 631 3487 nos
651 3426 681 3485 in
702 3425 870 3487 suburbano
891 3427 1054 3489 Florentiae
1071 3430 1124 3506 est)
1145 3447 1247 3489 onmes
1267 3425 1393 3510 episcopi

368 3550 382 3583 u
407 3525 513 3588 ltaliae.
529 3525 630 3588 Nullae
644 3525 741 3608 itaque
756 3545 905 3600 censurae,
923 3527 1077 3589 interdieta
1094 3526 1173 3589 nulla
1189 3549 1196 3589 :
1210 3527 1241 3589 in
1257 3527 1393 3610 opinione

366 3649 380 3683 n
405 3645 454 3687 sna
470 3629 677 3699 Tornacenses‚
692 3626 876 3699 Leodienses,
891 3625 940 3689 alii
956 3640 1158 3710 permaneant,
1174 3640 1203 3690 et
1217 3629 1266 3712 qui
1282 3649 1316 3691 en
1327 3649 1393 3690 nos·

367 3749 381 3784 a
407 3726 460 3789 tris
480 3727 518 3789 ito
537 3727 681 3802 sentiunt;
697 3727 834 3812 quamdiu
851 3730 978 3792 Ecclesia
993 3750 1049 3792 non
1065 3729 1310 3814 pronunciaverit,
1326 3749 1392 3790 nor·

401 3963 408 3993 ¹
425 3971 476 4022 Vid.
488 3971 549 4024 intra
563 3973 593 4024 ad
606 3972 670 4024 diem
685 3975 717 4026 16
728 3974 823 4039 aprilis
837 3974 908 4026 ltus.
