3034 4908
708 434 925 530 ¹(etro)

339 574 414 658 quod
438 574 466 634 in
488 573 578 655 ipsius
601 572 688 634 natali
711 573 851 632 maximus
867 570 964 652 populi
982 581 1024 630 est
1042 569 1207 640 conlluxus,
1230 570 1369 630 universo

340 677 430 735 ferme
442 672 613 734 llerendalio
624 693 654 733 se
668 673 703 732 ad
721 672 791 732 illud
806 671 979 732 effundente.
1005 695 1018 726 a

329 793 347 850 ·,
383 776 546 840 llerendalii
560 775 648 852 longo
664 787 792 857 tempore
805 776 874 836 olim
889 773 1053 835 adservatae
1068 771 1186 834 luerunt
1201 786 1260 833 tres
1279 772 1371 833 mira·

340 881 454 942 culosae
467 877 578 940 hostiae
589 876 760 939 venerabilis
769 875 956 938 Sacrautcnti.
969 875 1020 935 rtet
1032 874 1182 936 historiam
1194 874 1236 935 sic
1251 883 1371 934 enarrat

340 979 538 1044 Wichmans¹.
1357 983 1360 990 '

378 1084 461 1142 tusto
488 1076 524 1139 ab
549 1075 722 1138 Hercndalio
749 1074 860 1156 lapide,
886 1075 1071 1156 Campaniam
1097 1085 1225 1136 nostram
1252 1092 1372 1141 versus,

273 1193 276 1199 '
341 1199 431 1261 pagus
455 1191 498 1240 est
522 1178 569 1238 cui
595 1196 700 1238 nomeu
725 1177 839 1247 Poerle,
865 1175 1060 1236 communiter
1082 1188 1178 1235 autem
1202 1173 1372 1255 ¹euphoniae

340 1281 433 1362 gratia
457 1281 576 1357 Perpet-
595 1289 624 1340 et
646 1276 700 1339 suh
719 1275 774 1338 hoc
797 1277 932 1338 sacellum
955 1276 1050 1358 justae
1073 1275 1284 1356 magnitudinis
1304 1275 1371 1336 loco

341 1383 418 1444 inter
443 1380 559 1441 arbores
581 1399 766 1462 peramoeuo,
791 1379 867 1460 quod
888 1378 1041 1441 vernacule
1060 1379 1182 1449 dicitur,
1203 1380 1246 1439 De
1269 1379 1374 1455 Capell

341 1483 418 1544 oou't
433 1484 468 1542 H.
485 1480 655 1542 Sucromeut
670 1485 701 1540 t'u
715 1482 748 1540 de
764 1481 868 1559 trappe,
891 1480 945 1542 hoc
958 1491 1001 1541 est
1021 1481 1085 1541 Veu.
1103 1480 1325 1540 Sacramentum
1339 1482 1373 1536 iu

342 1587 437 1646 Domo
455 1582 515 1642 sive
532 1583 561 1642 *n
576 1583 690 1642 Ilubeto.
705 1584 798 1641 Locos
812 1580 889 1640 enim
908 1589 982 1651 e'rat,
997 1591 1029 1640 ut
1046 1581 1074 1640 in
1093 1578 1250 1660 diplomate
1269 1576 1371 1658 oppidi

345 1681 577 1744 llrrondaliensis
595 1701 627 1742 ea
642 1681 722 1740 dere
739 1679 872 1740 conlecto
891 1680 1014 1758 legitur,
1031 1679 1178 1761 vepribus,
1196 1677 1328 1739 sentibus
1341 1689 1373 1738 et

343 1786 465 1868 geuistis
479 1784 588 1867 plenus.
602 1783 751 1862 Originenr
767 1796 862 1844 autem
875 1782 937 1865 ejus
950 1783 988 1842 ita
1000 1795 1114 1845 enarrat
1129 1780 1309 1842 Wichmans.

386 1909 400 1942 a
425 1886 492 1947 Fuit
503 1905 579 1946 anno
596 1887 670 1945 itta
681 1882 931 1964 quidamloannes
947 1884 1309 1962 VuuderLuupcrrstedeu,
1320 1882 1374 1962 qui

344 1984 547 2046 llerendalium
569 2004 634 2044 cum
657 1983 765 2046 famulo
784 2005 837 2046 suo
855 1983 962 2065 pariter
983 1985 1078 2066 equite
1098 1983 1215 2044 advenit
1235 1985 1372 2065 atque'iu

344 2085 470 2167 hospitio
497 2085 544 2147 oui
569 2083 683 2163 insigne
708 2097 770 2146 erat
787 2106 791 2113 ·
807 2085 908 2148 Coruo
936 2083 1113 2144 morabatur.
1138 2084 1213 2144 lliuc
1245 2083 1281 2143 ad
1309 2083 1375 2144 loca

345 2185 510 2248 suburbana
529 2189 613 2266 saepe
633 2183 812 2264 digrediens,
832 2183 988 2265 sacrilegae
1009 2184 1183 2265 templorum
1203 2184 1374 2264 spoliationi

342 2285 475 2366 quotidie
488 2283 669 2364 invigilabat,
688 2283 795 2344 santulo
809 2284 925 2365 interim
943 2283 1015 2346 nihil
1029 2285 1133 2346 horum
1148 2285 1275 2346 conscio.
1287 2286 1376 2347 Venit

345 2387 371 2445 is
386 2384 432 2445 die
446 2383 570 2465 quodam
585 2382 620 2444 ad
635 2383 783 2443 ecclesiam
804 2383 839 2443 de
859 2385 1079 2446 Wechelesaude
1099 2391 1203 2467 (pagos
1221 2385 1269 2446 hic
1283 2398 1327 2446 est
1342 2387 1375 2446 in

347 2486 504 2566 Campania
527 2497 625 2545 nostra
651 2484 853 2544 Turnhoutum
878 2488 994 2563 versus)
1024 2499 1109 2568 atque
1130 2506 1170 2546 ex
1195 2506 1227 2546 ea
1253 2485 1376 2547 calicem

348 2607 460 2648 sacrum
476 2606 542 2646 cnm
557 2584 681 2654 ciborio,
697 2597 729 2644 ut
744 2599 861 2656 vocant,
878 2585 983 2647 lurtive
996 2586 1130 2658 abstulit,
1146 2587 1247 2669 inquo
1263 2587 1379 2648 hostiae

349 2698 531 2749 consecratae
547 2686 673 2767 quinque
689 2685 921 2746 adservabantur.
940 2687 1143 2748 llerendalium
1163 2706 1228 2747 mox
1246 2707 1315 2748 cnm
1330 2708 1379 2748 aa·

342 2787 458 2868 ,crilego
473 2786 527 2848 hoc
541 2784 633 2867 spolio
648 2786 770 2866 cogitat,
787 2786 864 2846 etad
879 2797 963 2847 saum
978 2787 1153 2868 hospitium,
1172 2790 1247 2848 viam
1263 2787 1380 2868 ingres·

351 2910 412 2958 sus,
429 2908 534 2970 pagum
552 2886 748 2967 supradictum
765 2889 867 2949 Poerlr
881 2889 1069 2960 transiturus,
1088 2889 1118 2948 in
1136 2889 1201 2949 loco
1218 2888 1381 2968 vulgariter

352 2993 385 3050 dc
400 2991 505 3068 Hepqe,
519 2986 700 3048 errabundus
712 2987 823 3058 haeret,
840 3009 893 3050 nec
906 2989 1027 3051 ulterius
1041 2988 1175 3071 progredi
1189 2990 1278 3062 valet,
1293 3009 1381 3072 saepe

352 3089 420 3150 licat
438 3100 571 3158 conatum
591 3107 703 3167 semper
724 3087 801 3148 enim
820 3089 959 3171 quidquid
979 3088 1121 3159 adtentat,
1142 3089 1241 3151 eodem
1264 3090 1293 3151 iu
1315 3092 1381 3152 locu

354 3212 384 3252 sc
406 3190 598 3251 constitutum
622 3189 710 3260 vidit,
735 3189 816 3268 quasi
836 3189 865 3250 iu
888 3190 982 3252 medio
1003 3191 1176 3276 labyrinthi,
1200 3193 1264 3255 viae
1283 3195 1384 3256 omnis

354 3292 483 3354 incertus
496 3301 525 3350 et
539 3289 692 3370 impotens
706 3290 874 3370 Suspicatus
887 3290 1002 3353 taudem
1016 3293 1093 3375 quod
1108 3314 1138 3353 re
1150 3313 1218 3355 vera
1232 3307 1309 3366 erat,
1327 3295 1384 3356 hoc

355 3411 407 3452 suo
432 3389 531 3452 sceleri
557 3388 776 3470 imputandum,
801 3390 937 3472 proponit
962 3390 1054 3454 dictas
1073 3392 1186 3470 ¹hostias
1213 3393 1302 3455 llario
1330 3398 1385 3477 qui

353 3491 434 3573 juxta
455 3490 661 3552 T'Sassenhout
683 3490 778 3569 (locus
795 3491 914 3552 omniuo
933 3491 1046 3554 vicinus
1065 3499 1121 3564 est‘,
1142 3495 1248 3556 sacello
1267 3517 1384 3578 quoque

325 3669 329 3682 Ι
356 3593 485 3655 blariauo
500 3591 640 3671 insignis)
657 3591 765 3654 labitur
780 3592 914 3674 injicere,
932 3613 988 3676 quo
1007 3595 1050 3655 sic
1066 3595 1140 3657 liber
1159 3596 1261 3657 abiret.
1282 3597 1385 3658 Sedet

357 3694 412 3755 hoc
429 3694 536 3755 frustra
551 3715 557 3753 :
573 3714 639 3755 nam
655 3715 670 3754 a
685 3693 748 3754 loco
765 3697 799 3754 de
815 3697 908 3775 Heppe
926 3694 1091 3758 nullatenus
1108 3697 1240 3760 recedere
1259 3709 1384 3780 poterat.

392 3924 400 3953 ¹
419 3927 463 3990 Op.
476 3923 514 3976 cit.
526 3942 548 3991 p.
557 3925 613 3975 490.
