3034 4908
364 581 461 653 omnia
481 602 554 662 quae
570 580 705 666 parochia
720 582 749 644 S.
768 581 885 663 Georgii
901 580 1024 643 hahebat
1046 592 1125 645 extra
1144 602 1256 653 muros,
1279 581 1396 646 scilicet

362 683 417 746 Het
431 682 511 752 utet,
527 683 687 754 Beirsohoh
703 681 958 762 Marctpravetye,
974 682 1188 752 Hurincltrode
1201 694 1251 746 ete.

401 779 562 854 Kiolenses,
577 799 662 864 aegre
677 779 802 848 ferentes
816 783 990 844 erectionem
1005 780 1084 844 illius
1098 781 1263 865 parochiae,
1275 782 1394 845 instito-

362 897 433 947 runt
455 895 487 947 ut
504 885 651 968 propriam
665 883 804 948 haberant
821 885 898 950 intra
915 885 972 962 uici
987 885 1032 951 sui
1046 885 1198 960 terminos.
1216 886 1294 955 ilinc
1313 905 1394 950 anno

364 990 443 1059 1685
464 1007 531 1048 cum
555 1005 696 1048 consensu
720 986 847 1070 episcopi
869 997 1028 1069 coeperunt
1052 1006 1157 1056 nouam
1179 987 1320 1069 capellam
1345 1009 1395 1050 ex·

361 1099 485 1159 struere,
496 1084 606 1168 adjecta
618 1086 785 1150 conditione
796 1099 828 1149 ut
838 1086 869 1149 id
879 1087 940 1150 suis
953 1086 1117 1170 sumptibus
1129 1098 1257 1169 agerent.
1268 1089 1394 1159 Verum,

362 1187 541 1268 consumptis
570 1186 716 1269 pecuniis,
743 1187 824 1251 litem
853 1188 1037 1264 intentarunt
1062 1188 1189 1272 capitulo
1216 1187 1395 1262 cathedrali,

362 1287 569 1362 contendentes
580 1286 718 1372 capellam
730 1307 812 1350 suam
827 1287 931 1353 debera
944 1307 1006 1350 esso
1018 1287 1168 1355 ecclesiam
1183 1287 1394 1371 parochialem

251 1389 258 1406 '
362 1388 411 1461 sed
424 1409 509 1452 causa
519 1390 686 1452 ceciderunt
698 1410 749 1472 per
762 1389 935 1452 sententiam
949 1388 1039 1458 latam
1053 1388 1205 1452 aconcilio
1220 1387 1396 1452 Brabantiac

363 1490 409 1553 die
422 1495 462 1554 50
473 1490 570 1552 martii
584 1493 671 1553 1690.

555 1675 578 1722 9.
597 1675 715 1726 Ecccrsrr
733 1674 757 1723 S.
775 1673 912 1726 Lnunrrtrn
929 1687 955 1722 m
973 1673 1199 1736 Marenem-mun.

403 1820 487 1877 Anno
506 1819 582 1882 tuuc
597 1826 726 1896 prototo
744 1811 883 1876 suburbio
899 1813 1082 1883 meridionali
1099 1815 1130 1878 in
1148 1815 1213 1877 rico
1226 1816 1260 1876 do
1274 1815 1394 1879 Marel-

361 1920 495 2000 prooetpe
505 1929 648 1991 exstructa
659 1928 703 1981 est
712 1916 926 2000 ecclesiaquam
935 1917 1087 2000 episcopus
1097 1917 1395 2002 AmbrosiusCapello
1502 1965 1503 1968 ,

361 2019 454 2085 literis
473 2018 533 2081 suis
553 2019 588 2082 de
610 2018 657 2082 die
675 2020 712 2081 27
734 2018 906 2100 septembris
920 2016 1049 2102 ejusdem
1066 2019 1136 2081 anni
1150 2017 1181 2082 iu
1196 2017 1394 2102 parochialem

362 2120 461 2184 erexit.
472 2120 606 2181 Fundam
618 2119 729 2182 dictum
744 2120 844 2198 Visput
853 2130 882 2184 et
892 2130 1026 2201 sumptus
1036 2118 1072 2182 ad
1082 2118 1233 2182 ecclesiam
1243 2131 1396 2184 exstruen·
1501 2197 1503 2216 ⁴

362 2221 428 2283 dam
443 2220 605 2283 contulerat
619 2220 665 2302 pia
680 2219 820 2301 quaedam
834 2218 1004 2292 domicella,
1017 2219 1144 2283 Victoria
1157 2219 1287 2283 Candida
1300 2222 1395 2300 Trog·
1502 2299 1503 2306 ἵ

363 2323 451 2384 nesia.
467 2325 498 2387 ln
513 2342 547 2382 eo
562 2320 652 2386 fundo
666 2320 746 2382 stetit
758 2319 877 2386 ecclesia
890 2341 978 2403 usque
989 2320 1025 2382 ad
1036 2340 1084 2382 an.
1099 2323 1191 2392 tert,
1202 2341 1261 2402 quo
1273 2319 1303 2382 in
1315 2319 1395 2382 olusi-
1502 2325 1503 2402 f

364 2423 452 2486 dione
465 2421 665 2504 Antverpiensi
683 2443 699 2484 a
713 2421 802 2484 Gallis
812 2421 924 2504 dejecta
937 2421 1002 2484 luit.
1017 2424 1096 2498 Noua
1107 2433 1205 2493 autern
1220 2441 1298 2484 anno
1316 2425 1396 2486 teat

362 2534 507 2586 exstructa
520 2536 564 2584 est
578 2541 676 2584 uersus
688 2521 838 2584 meridiem
854 2523 884 2584 in
899 2522 963 2585 loco
974 2521 1011 2584 ab
1025 2527 1099 2588 Arce
1113 2522 1274 2588 remotiori.

404 2623 596 2689 Ecclesiarum
618 2622 766 2707 hucusque
785 2637 1019 2686 enumeratorum
1044 2624 1160 2689 collatio
1182 2620 1332 2707 spectabat
1359 2623 1394 2686 ad

364 2725 523 2810 capitulum
545 2724 721 2798 cathedrale,
737 2737 853 2808 excepta
871 2724 991 2788 ecclesia
1003 2726 1033 2802 8.,
1050 2724 1150 2790 Jacohi
1169 2727 1198 2800 in
1216 2728 1302 2798 Arce¹
1322 2744 1396 2806 quae

365 2827 460 2910 regiae
474 2827 636 2893 collationis
650 2839 720 2888 erat.

614 3223 775 3286 Deeouotus
791 3223 904 3294 ruralis
918 3221 1143 3298 Antuerpr'ensr's.

706 3384 729 3432 1.
747 3385 911 3432 hrrrsnmen.
930 3385 956 3432 C.
974 3383 1024 3433 720
1035 3381 1052 3432 ¹.

408 3533 502 3610 Pagus
517 3529 672 3612 populosus
683 3541 712 3592 et
722 3530 810 3592 variis
821 3529 972 3611 praetoriis
985 3539 1121 3600 ornatus,
1136 3527 1243 3610 quihus
1256 3528 1396 3590 omnihus

367 3630 548 3712 praelucebat
559 3629 862 3712 Cleydael,praedium
872 3629 1166 3692 ethahitatiodomini
1176 3629 1212 3690 de
1222 3630 1396 3690 Aertselacr.
1499 3651 1500 3664 ¹

400 3849 408 3876 ¹
428 3850 518 3900 Literas
530 3851 602 3902 refert
611 3852 763 3918 Diercxsens,
775 3860 833 3902 tom.
845 3852 902 3916 vlt,
913 3868 935 3918 p.
946 3852 1000 3900 561.

399 3936 409 3963 ¹
429 3935 520 3986 Literae
536 3937 618 3988 cett
631 3937 668 3987 uel
686 3939 710 3988 U
716 3937 815 4002 junctae
830 3937 937 3990 locorum
950 3936 1087 3988 nominihus
1099 3935 1206 3989 indicant
1219 3952 1249 3986 ea
1260 3936 1312 3988 loca
1321 3935 1395 4002 olin,
