2990 4918
323 592 482 656 canonicali
497 592 527 656 in
538 592 694 657 cathedrali
707 593 826 656 ecclesia
840 593 998 676 insignitus
1008 605 1086 666 erat,
1100 591 1189 656 variis
1202 592 1358 655 decorator

323 692 506 766 munerihns;
522 695 648 757 vicarius
662 695 740 756 enirn
755 693 900 775 generalis
913 694 1039 777 episcopi
1055 693 1149 755 lactus
1163 705 1220 765 est,
1236 693 1358 776 deputa·

324 806 371 855 tus
390 794 508 878 insuper
529 795 693 857 ordinarius
711 815 743 856 ac
762 794 928 877 praesidens
945 807 1074 857 statuum
1093 795 1258 856 Toruacesii
1282 794 1358 857 desi·

323 908 438 975 gnatus.

366 1001 467 1059 Erecta
482 1017 558 1058 anno
582 1000 660 1058 1761)
676 995 817 1057 Bruxellis
832 995 969 1057 societate
987 993 1130 1069 literaria,
1151 1008 1181 1058 et
1200 997 1262 1079 ipse
1280 997 1359 1058 iuter

323 1111 433 1184 septem
449 1101 557 1182 primos
572 1099 658 1181 hujus
673 1098 788 1178 collegii
804 1099 898 1160 socios
912 1099 1009 1160 locum
1023 1097 1133 1162 hahuit.
1149 1099 1255 1164 Mansit
1270 1099 1359 1182 hujus

323 1201 485 1274 societatis,
498 1221 574 1262 anno
592 1199 710 1262 111111
725 1197 902 1260 academiam
914 1210 1038 1270 erectae,
1051 1199 1158 1261 sodalis
1170 1199 1262 1261 donec
1273 1200 1360 1272 vixit,

324 1302 443 1384 ejusque
463 1315 593 1364 actorum
613 1301 701 1363 libros
725 1299 975 1362 observationibus
993 1321 1026 1362 ac
1047 1300 1265 1364 commentariis
1285 1301 1359 1364 varii

324 1404 490 1484 argumenti
505 1403 619 1466 ornavit
635 1407 656 1464 ¹.

365 1507 463 1580 Quum
493 1504 634 1567 Bruxellis
660 1507 706 1568 die
733 1509 752 1568 9
779 1506 940 1566 novembris
967 1525 1045 1568 enno
1074 1507 1152 1567 1765
1180 1503 1210 1567 11
1239 1503 1360 1568 basilica

325 1609 374 1671 SS.
390 1607 537 1670 Michaelis
551 1621 580 1670 et
594 1609 724 1671 Gudulae
741 1606 909 1692 imperatori
924 1607 1076 1670 Francisoo
1092 1610 1116 1681 l,
1130 1606 1302 1688 OEnipoute
1321 1611 1360 1672 l8
1419 1599 1422 1602 ⁵

325 1709 441 1794 augusti
457 1707 606 1782 defuncto,
619 1708 698 1793 justa
712 1710 897 1793 exequiarum
915 1707 1055 1772 solemnia
1069 1719 1233 1789 agerentur,
1251 1707 1282 1772 in
1297 1707 1361 1792 ejus

327 1809 427 1872 lunere
436 1808 657 1871 Nelisiuslatine
669 1811 830 1874 orationem
838 1809 939 1872 hahuit
950 1809 1175 1893 perelegantem,
1184 1829 1257 1894 quae
1269 1813 1361 1872 Lora·

327 1910 368 1988 nii
380 1909 518 1992 impressa
530 1909 585 1973 luit
600 1921 628 1974 et
638 1908 780 1974 Bruxellis
792 1911 897 1974 deinde
911 1930 1011 1974 recusa
1023 1930 1088 1972 cum
1103 1909 1235 1972 versione
1244 1909 1360 1994 gallica.

327 2011 453 2073 Alteram
478 2011 507 2074 in
527 2012 627 2073 eadem
647 2011 767 2076 ecclesie
787 2012 946 2074 orationem
968 2010 1073 2093 gallico
1099 2009 1236 2074 idiomate
1259 2009 1362 2073 hahuit

327 2133 404 2175 anno
419 2117 497 2176 1780
511 2114 541 2175 in
557 2113 684 2196 exequiis
698 2114 891 2198 imperatricis
902 2113 1010 2176 Mariae
1023 2112 1182 2175 Therasiae.

368 2216 512 2290 Quantam
526 2235 594 2277 vero
605 2214 742 2276 historiae
754 2215 885 2295 Belgicae
898 2214 1087 2277 illustrandae
1100 2233 1216 2296 operam
1231 2212 1360 2288 dederit,

327 2326 499 2394 argumento
513 2327 581 2376 suut
601 2314 741 2378 loachimi
758 2315 885 2398 llopperi
899 2315 933 2376 ad
950 2312 1080 2394 Viglium
1094 2311 1232 2396 epistolae
1246 2313 1283 2376 ah
1298 2314 1362 2396 ipso

327 2434 343 2475 e
362 2414 490 2477 tenebris
514 2427 670 2488 extractae,
693 2415 898 2477 chronicorum
919 2414 1100 2497 aliorumque
1117 2412 1360 2478 documentorum

327 2515 532 2576 historicorum
546 2515 637 2598 ipsius
649 2536 719 2578 cura
733 2515 861 2599 undique
872 2515 1029 2598 conquisiti
1041 2527 1070 2577 et
1081 2513 1218 2598 descripti
1233 2514 1360 2585 codices,

329 2635 361 2676 ao
373 2616 540 2697 praesertim
552 2636 624 2698 opus
635 2615 706 2678 illud
718 2617 793 2700 quod
807 2615 1363 2697 111111111111111111111111111111111

328 2719 459 2788 ebromus,
476 2723 535 2779 siue
548 2719 581 2779 dc
595 2721 719 2779 historia
735 2721 851 2800 Bclpioa
865 2719 978 2798 ejusque
991 2719 1181 2794 scriptoribus
1193 2720 1364 2796 praecipuis

328 2823 535 2902 conrmentotio,
546 2838 603 2897 quo
612 2820 826 2897 culpandorum
837 2829 1082 2880 monumentorum
1093 2817 1362 2895 scriempracfutio,

330 2905 528 3004 nrpnmentum
542 2923 636 2998 operis
650 2930 674 2979 11
688 2939 801 2980 summu
815 2939 914 2980 rerum
925 2925 1023 2996 cupita
1036 2920 1203 2980 exhibentur
1215 2918 1239 2978 ¹.

351 3007 353 3014 ’
370 3022 392 3083 F
395 3019 437 3080 111
451 3019 537 3081 etiam
553 3039 628 3081 unns
640 3040 741 3082 eorum
756 3040 828 3104 qnos
845 3019 1020 3100 gubernium
1035 3018 1159 3100 elegerat
1174 3038 1252 3080 anno
1267 3021 1363 3090 1777,

331 3129 395 3202 post
407 3118 581 3181 destructam
590 3120 762 3182 Societatem
770 3125 846 3192 lesu,
862 3121 897 3183 ad
909 3119 1095 3183 restauranda
1105 3119 1201 3182 studia
1210 3119 1363 3182 literarum

331 3220 550 3292 humaniorum,
566 3219 698 3302 idemque
711 3242 768 3284 nou
783 3242 850 3305 pars
864 3221 985 3284 minima
999 3222 1055 3283 luit
1069 3220 1147 3283 illius
1157 3218 1272 3302 collegii
1285 3219 1363 3306 quod

363 3379 373 3409 ¹
393 3385 481 3432 Extant
506 3382 531 3432 11
553 3383 733 3433 commentariis
756 3383 864 3448 ejusdem
889 3383 1041 3448 Academiae,
1067 3383 1176 3450 quinque
1200 3382 1365 3434 voluminibus

331 3467 460 3531 Bruxellis,
472 3468 542 3518 annis
554 3470 618 3518 1777
630 3477 655 3518 11
666 3484 732 3534 seqq.
746 3468 809 3518 in-l⁰
821 3469 902 3537 editis,
914 3479 981 3519 tomo
997 3470 1019 3536 l,
1031 3483 1087 3536 pag.
1101 3485 1169 3534 uxor,
1181 3467 1367 3520 11111111·

331 3557 448 3604 t’oncien
461 3555 598 3613 Brebent5
610 3583 637 3592 -
653 3569 710 3620 pag.
723 3554 767 3618 ⁴5,
785 3553 837 3604 Sur
854 3557 880 3605 11
896 3559 1006 3618 utpoqne
1020 3564 1043 3606 11
1060 3555 1261 3605 1111111111111
1274 3558 1306 3605 dc
1318 3569 1366 3606 nos

332 3643 430 3699 111111,Ι
441 3665 469 3678 -
480 3655 536 3705 pag.
552 3641 614 3703 171,
630 3640 683 3690 Sur
699 3641 725 3690 lo
738 3643 825 3704 pierre
837 3643 1009 3707 Branchum,
1021 3645 1090 3692 dans
1107 3643 1129 3691 lc
1148 3644 1321 3701 Tourrtoisis5
1336 3671 1365 3681 -

332 3740 388 3789 paq.
405 3739 457 3790 err,
472 3724 524 3773 Sur
541 3727 567 3774 11
581 3729 751 3775 constitution
762 3727 921 3789 municipale
939 3729 1073 3777 essuries
1088 3726 1226 3791 prtuilipes
1245 3728 1367 3778 uecordia

331 3825 389 3861 111
400 3811 472 3860 uillas
481 3812 686 3874 arwam-Bas.
1064 3857 1066 3862 .

366 3899 375 3927 ¹
392 3898 439 3946 Clr.
455 3898 484 3945 de
497 3897 662 3962 Rcillenberg,
682 3899 829 3962 Chrorrique
844 3900 873 3947 de
890 3899 1011 3962 Philipps
1026 3898 1158 3964 Mouslrds,
1170 3905 1187 3948 t.
1201 3900 1223 3963 l,
1241 3913 1264 3963 p.
1279 3914 1367 3966 ccunr,

332 3992 356 4031 et
365 3983 422 4032 suiv.
