3012 4912
475 1165 670 1244 Episcopatus
690 1173 799 1229 erectio.

163 1379 258 1449 1559,
274 1377 347 1437 mcii
363 1376 410 1436 lb.
431 1375 512 1436 Pauli
533 1378 570 1438 lV
591 1376 719 1459 generali
741 1375 819 1439 bulla
836 1377 991 1440 erectionis
1008 1401 1150 1445 novorum

120 1477 338 1559 episcopatuum
354 1475 383 1537 in
399 1474 514 1558 Belgio,
530 1477 688 1560 antverpia
702 1476 858 1560 episcopali
873 1477 939 1540 sede
953 1492 1089 1553 ornatur,
1104 1503 1151 1544 ec-

4 1635 5 1638 ,
120 1576 224 1638 clesiae
241 1577 457 1649 Cameracensi,
473 1577 520 1639 cui
538 1578 678 1640 hactenus
695 1599 748 1660 pro
766 1571 870 1662 majori
886 1590 967 1661 parte
979 1596 1113 1662 paruerat
1124 1587 1152 1654 ¹,

118 1676 268 1740 subtracta
278 1691 307 1740 et
317 1695 408 1740 novae
418 1678 570 1763 metropoli
584 1678 929 1752 blecblinieusisubdita,
942 1681 1070 1743 extincto
1080 1703 1153 1764 quo-

118 1801 177 1862 que
186 1779 217 1840 in
231 1779 331 1842 eadem
342 1779 461 1843 ecclesia
476 1781 676 1844 cameracensi
687 1780 922 1844 archidiaconatu
934 1784 1153 1865 Antverpiensi,

118 1881 204 1965 cujus
221 1881 388 1966 jurisdictio
407 1903 458 1965 per
477 1882 624 1945 civitatem
647 1884 836 1966 Antverpiam
856 1895 885 1946 et
907 1903 1042 1965 magnam
1068 1884 1155 1968 hujus

119 2003 211 2045 novae
224 1982 388 2047 dioeceseos
402 1995 514 2066 partem
530 1982 766 2066 protendebatur.
781 1988 812 2045 ln
826 1984 1018 2048 cathedralem
1031 1985 1155 2068 erigitur

119 2083 241 2146 ecclesia
253 2087 357 2146 Beatae
366 2084 475 2147 blaciae
488 2084 603 2165 Virgini
618 2104 713 2158 sacra,
726 2085 825 2167 inqua
839 2097 901 2147 erat
915 2083 1070 2168 collegium
1084 2085 1157 2147 duo·

118 2182 213 2246 decim
230 2184 452 2257 canonicorum,
467 2183 544 2267 quud
558 2184 665 2246 ducum
684 2185 857 2248 brabantiae
872 2185 1053 2268 aliorumque
1066 2184 1156 2266 largi-

121 2284 252 2347 tionibus
269 2285 310 2346 ita
334 2284 446 2367 pridem
472 2298 652 2358 accreverat,
672 2297 706 2347 ut
726 2305 803 2347 anno
828 2287 910 2348 tato
935 2293 1031 2349 essem
1049 2286 1155 2369 viginti

121 2397 246 2467 quatuor
270 2385 472 2468 praebendati,
497 2386 551 2448 sub
575 2386 713 2469 primaria
739 2387 896 2469 praepositi
918 2390 1008 2470 (quae
1028 2387 1156 2468 dignitas

121 2506 197 2549 anno
217 2490 297 2551 libi
316 2507 468 2571 suppressa
488 2487 561 2568 fuit)
578 2488 622 2550 vel
644 2487 745 2551 decani
766 2489 948 2551 anctoritate.
969 2489 1156 2572 Episcopatui

120 2607 188 2650 vero
201 2588 379 2651 attributum
400 2601 444 2652 est
463 2589 644 2653 territorium
665 2602 774 2674 septem
794 2590 969 2674 oppidorum
987 2611 1053 2655 cum
1073 2592 1156 2675 pagis

121 2687 370 2772 interiacentibus.
394 2693 494 2753 Exstat
517 2688 595 2752 bulla
617 2687 693 2773 apud
715 2690 869 2763 lliraeum‚
891 2693 945 2770 Op.
967 2693 1084 2771 diplom.
1104 2694 1156 2753 t.l

122 2811 150 2872 p.
164 2793 233 2851 tra.
651 2807 653 2812 '
715 2821 719 2828 =

163 2894 258 2964 1560,
273 2896 347 2954 mcii
360 2895 390 2953 4.
406 2892 568 2974 Scriptum,
583 2891 723 2955 aSounio
737 2891 859 2974 aliisque
873 2891 1018 2974 deputatis
1033 2912 1084 2974 pro
1098 2893 1155 2954 eri-

122 2991 225 3072 gendis
237 2992 454 3077 episcopatibus
466 2994 691 3080 concinnatum,
705 2992 741 3054 ad
756 2993 841 3054 Pium
856 2995 893 3054 lV
907 2992 1027 3055 missum
1040 2992 1111 3066 suit,
1127 2994 1157 3054 in

123 3115 180 3176 quo
192 3106 362 3156 recensetur
374 3095 515 3179 quidquid
531 3095 566 3158 ad
582 3116 632 3158 eos
647 3094 867 3157 constituendos
881 3095 1022 3177 pertinet,
1034 3107 1063 3157 et
1077 3115 1158 3177 prae-

123 3195 224 3257 sertim
235 3195 333 3276 agitur
344 3195 380 3258 de
393 3195 579 3278 assignandis
591 3196 722 3266 dotibus,
733 3217 806 3280 quae
814 3197 896 3279 juxta
908 3196 1017 3259 bullam
1029 3195 1111 3257 Pauli
1122 3199 1158 3257 lV

124 3293 186 3356 lieri
197 3293 343 3360 debebant
355 3317 389 3359 ex
400 3295 486 3359 bonis
496 3309 526 3359 et
538 3296 680 3360 reditibus
694 3296 905 3360 amonasteriis
918 3295 1091 3359 auferendis.
1102 3298 1158 3358 De-

124 3397 216 3478 putati
237 3416 307 3460 vcro
323 3397 414 3460 satius
432 3397 604 3481 judicabant
622 3397 835 3480 episcopatibus
852 3397 1099 3470 uniretabbatias,
1118 3397 1159 3459 ita
1212 3419 1214 3430 ·

124 3507 157 3558 ut
169 3495 297 3580 episcopi
310 3497 341 3560 in
356 3498 452 3561 locum
464 3497 603 3562 abbatum
618 3497 818 3570 succederent,
830 3510 859 3560 et
871 3497 1000 3561 abbatias
1010 3510 1157 3580 tamquam

125 3596 243 3661 abbates
265 3611 408 3681 regerent.
429 3601 510 3674 Quae
530 3600 559 3661 in
578 3598 629 3661 illo
646 3599 755 3682 scripto
769 3598 804 3660 ad
821 3599 1018 3682 episcopatum
1036 3603 1158 3662 Antver-

127 3698 256 3780 piensem
272 3712 421 3782 spectant,
436 3700 503 3763 vide
517 3700 593 3783 apud
608 3699 763 3773 lliraeum,
780 3721 826 3782 op.
842 3700 890 3763 cit.
906 3712 926 3762 t.
943 3702 1102 3783 111p.550.

159 3919 267 3972 ιΜίιιοι
287 3937 355 3989 pars,
374 3938 437 3989 quac
465 3923 489 3974 in
513 3922 639 3988 Gampinia
663 3928 711 3988 est,
735 3922 890 3973 Leodienscm
908 3921 1047 3988 episcopum
1067 3931 1156 3985 agnos-

125 4004 201 4059 cebet.
