3012 4912
174 649 266 717 1510,
278 663 371 707 meuc
384 643 660 725 optate-utstaoulis
672 643 789 706 demum
804 642 934 717 sublatis,
946 645 1073 709 Sonnius
1083 647 1158 711 sedis

129 765 198 808 suae
208 744 418 828 possessionem
433 745 550 808 nomine
562 744 762 828 procuratorio
775 756 878 808 nactus
889 755 933 809 est
944 745 991 808 die
1004 749 1045 810 26
1059 749 1158 830 aprilis

129 847 159 909 in
169 847 290 910 ecclesia
301 845 472 921 cathedrali,
483 866 517 910 ac
531 846 671 929 postridie
680 846 711 908 in
725 845 840 910 abbatia
851 847 880 910 S.
891 847 1041 910 bernardi.
1053 850 1167 912 Sonuii'

8 979 12 990 ,
128 967 283 1031 personam
292 941 432 1011 sustinuit
440 946 1032 1020 llaximilianusllorillon,archidiaconus
1041 949 1159 1013 llechli·

128 1047 239 1111 niensis
249 1058 281 1110 et
294 1047 449 1110 cardinalis
458 1046 778 1111 Granvellanivicarins
787 1047 945 1130 generalis,
960 1049 1010 1132 qui
1023 1069 1080 1112 una
1092 1069 1159 1113 cum

125 1153 238 1211 Ioanne
252 1148 288 1210 de
303 1141 414 1231 Lange,
427 1150 567 1213 canonico
578 1161 606 1212 et
616 1148 732 1212 officiali
743 1149 958 1223 neohliniensi,
973 1161 1003 1212 et
1015 1151 1159 1224 Gestidio,

126 1252 270 1313 canonico
280 1251 316 1313 ad
330 1253 358 1314 S.
371 1242 504 1314 Gudilam
516 1250 669 1323 Bruxellis‚
683 1251 807 1313 solemni
822 1250 881 1313 ritu
896 1251 1078 1342 episcopatus
1092 1274 1159 1335 pos-

127 1344 287 1412 sessionem
307 1351 397 1433 cepit,
416 1350 615 1433 praesentibus
635 1349 762 1433 capitulo
780 1361 811 1411 et
828 1349 955 1413 civitatis
975 1353 1159 1432 magistratu.

169 1451 304 1534 Diplorna
321 1450 434 1532 regium
453 1450 488 1513 de
506 1451 552 1515 die
569 1454 608 1515 28
626 1451 744 1534 aprilis,
762 1471 820 1534 quo
834 1450 990 1513 mandatur
1009 1464 1042 1514 ut
1059 1473 1160 1516 omnes

125 1564 158 1614 et
183 1551 293 1634 singuli
319 1552 485 1636 episcopum
510 1573 596 1614 suum
623 1552 767 1616 Sonninm
793 1564 1048 1633 recognoscerent,
1077 1553 1160 1636 eique

124 1652 322 1715 obedientiam
341 1663 536 1736 praestarent,
552 1663 644 1715 exstat
657 1652 688 1715 in
703 1653 800 1716 Edict.
815 1654 957 1716 Brabont.
978 1664 1000 1714 t.
1017 1657 1043 1725 l,
1063 1653 1113 1717 lib.
1134 1659 1159 1726 l,

124 1753 173 1815 tit.
189 1758 222 1824 l,
237 1773 298 1836 cap.
313 1757 347 1817 V.
362 1753 421 1817 Cir.
436 1753 620 1828 Dicrcxsens‚
636 1774 685 1837 op.
700 1754 749 1817 cit.
764 1766 786 1817 t.
800 1757 864 1837 Vp.
881 1757 948 1818 110.

168 1854 279 1916 Eodem
292 1875 380 1926 anno,
397 1860 411 1917 l
434 1859 516 1917 moti.
531 1855 659 1918 Soonim
673 1874 778 1937 magna
795 1874 863 1917 cum
885 1855 1068 1918 solemnitate
1084 1860 1158 1921 dnt-

124 1954 241 2037 verpiae
253 1955 402 2038 recipitur,
412 1968 441 2018 et
451 1956 482 2018 in
490 1955 640 2019 ecclesiam
651 1976 733 2019 suam
745 1956 939 2019 cathedralem
951 1957 1159 2034 introducitur,

124 2066 278 2136 praesente
290 2055 367 2119 ¹duce
384 2054 509 2130 Albano,
531 2067 561 2122 et
582 2055 707 2140 plurima
726 2076 878 2140 procerum
894 2057 1059 2140 civiumque
1072 2060 1157 2121 turba

124 2159 295 2220 comitante.
318 2157 370 2219 Rei
392 2169 489 2238 gestae
510 2156 642 2219 ordinem
662 2169 692 2219 et
711 2156 818 2241 quibus
839 2157 935 2220 verbis
955 2159 1157 2242 pensionarius

123 2261 250 2321 loannes
269 2257 359 2321 Gilles
377 2258 505 2321 civitatis
523 2259 642 2320 nominc
660 2258 801 2342 episcopo
814 2258 1033 2340 congratulatus
1053 2260 1159 2332 luerit,

125 2358 441 2430 enarratlliercxsens,
454 2379 502 2442 op.
517 2359 565 2421 citt
579 2370 600 2420 t.
615 2361 640 2420 V
655 2362 843 2442 piabile

165 2459 295 2540 Viglius,
309 2479 394 2540 quem
409 2458 539 2521 Albanus
557 2460 744 2542 antverpiam
759 2471 860 2543 petens
872 2458 927 2522 sibi
942 2460 1077 2523 comitem
1097 2481 1158 2524 esse

9 2603 10 2606 ,
124 2558 272 2629 voluerat,
290 2558 327 2620 de
345 2559 447 2622 Sounii
468 2561 634 2643 receptione
653 2560 876 2644 adllopperum
892 2559 1026 2624 scribens
1044 2561 1158 2635 aiebat,

124 2659 379 2742 Antuerpiensium
391 2659 504 2722 animos
515 2661 623 2743 optime
633 2681 695 2723 sese
708 2660 938 2723 accommodasse
950 2661 1045 2742 regiae
1056 2661 1159 2724 volun*-

124 2759 194 2832 tati,
209 2779 226 2821 a
242 2763 301 2842 'qua
317 2772 402 2822 antea
416 2772 475 2822 tam
496 2761 588 2823 aversi
604 2760 728 2824 fuerant
741 2761 822 2824 ,Vide
836 2761 958 2844 Hoynclc
971 2764 1032 2822 Van
1047 2763 1159 2844 Papan-

10 2877 11 2880 ’
125 2859 240 2946 drecht,
254 2861 384 2924 Analect.
403 2863 483 2942 Belo.
499 2872 520 2924 t.
535 2866 546 2923 l
561 2873 634 2945 part.
650 2866 669 2923 b
684 2882 712 2944 p.
727 2865 800 2934 5603
819 2874 849 2924 et
864 2874 932 2924 nota
951 2860 986 2923 ab
1001 2862 1111 2924 editore
1126 2864 1155 2924 in

125 2961 248 3045 epistola
264 2962 371 3046 Viglii,
388 2963 456 3026 loco
473 2967 561 3036 maii,
580 2963 655 3026 male
669 2963 775 3026 lectum
798 2963 886 3025 luisse
905 2967 1008 3026 martii
1014 2985 1025 3034 ,·
1043 2977 1158 3029 constat

126 3064 204 3125 enim
218 3049 364 3126 Albanum
379 3063 426 3126 die
440 3066 479 3128 29
493 3063 593 3148 aprilis
608 3065 796 3148 Antvcrpiam
811 3063 964 3147 appulisse.

165 3165 279 3227 Eoden
296 3185 386 3237 anno,
408 3167 549 3228 matribus
570 3171 649 3228 maio
666 3176 691 3227 ct
702 3167 798 3245 junio.
816 3168 882 3226 llox
903 3165 1054 3247 episcopus
1076 3184 1158 3247 repa-

126 3264 225 3328 randis
239 3265 369 3339 damnis,
384 3265 513 3329 ecclesiis
528 3278 556 3328 et
570 3265 695 3329 dioecesi
709 3265 810 3339 illatis,
826 3277 920 3328 totum
936 3287 966 3328 se
980 3266 1068 3328 dedit.

166 3366 373 3449 Episcopatum
395 3366 493 3429 divisit
513 3367 543 3429 in
559 3387 607 3429 sex
630 3367 799 3440 decanatus,
818 3367 929 3430 seilicet
943 3389 950 3428 z
965 3365 1157 3450 Antverpien·

125 3487 200 3539 sem,
215 3471 386 3550 Lyre'nsem,
402 3466 659 3540 Herendalensem,
675 3467 938 3549 lloogstratanum,
953 3466 1116 3529 Bradanum
1128 3477 1157 3527 et

125 3572 301 3649 Bergensem
316 3567 352 3629 ad
364 3571 492 3630 Zamam.
505 3567 564 3630 Cir.
580 3568 765 3639 Diercxsens,
779 3586 825 3650 op.
839 3566 888 3629 cit.
903 3578 923 3628 t.
939 3569 975 3628 lV
990 3586 1017 3649 p.
1032 3569 1101 3631 209.

167 3668 344 3750 bigemmes,
357 3672 387 3730 in
399 3668 517 3730 ecclesia
528 3667 732 3732 cathedraliad
744 3688 875 3729 normam
887 3666 982 3728 bullae
994 3667 1158 3749 pontificiae

126 3769 297 3852 erigendae,
317 3790 375 3832 non
394 3769 472 3834 illico
492 3769 541 3831 sed
559 3768 698 3852 paulatim
718 3769 893 3832 constitutae
907 3781 988 3840 sunt,
1004 3767 1159 3830 difficulta-

127 3870 205 3932 tibus
219 3891 280 3932 non
296 3857 469 3952 paucis²sese
483 3869 697 3952 objicientibus.

166 3974 280 4036 Eodem
295 3993 384 4046 enno,
401 3976 438 4036 16
446 3976 519 4052 jotti
526 4022 533 4046 ‚
548 3992 655 4055 magna
669 3971 844 4055 antuerpiae
857 3973 1026 4036 solemnitas
1044 3983 1157 4054 peracta
