2978 4916
765 456 915 554 (ssu)

372 602 397 657 Ι.
426 599 466 656 Ex
493 594 610 656 civitate
637 594 842 674 argentinensi
874 594 1059 677 Antverpiam
1092 597 1203 658 evocati
1237 596 1361 659 suerunt

328 712 374 756 an.
389 697 468 756 ibid
480 694 515 756 ad
527 694 694 756 instantiam
705 693 832 776 episcopi
843 694 1059 756 Cameracensis
1072 706 1102 756 et
1111 695 1182 759 cleri
1193 717 1228 758 ac
1238 709 1361 760 senatus

328 795 485 878 populique
502 793 733 877 Antverpiensis,
747 813 800 854 nec
818 813 877 855 non
897 793 1070 855 Brabantiae
1085 795 1168 858 ducis
1182 796 1303 860 Henrici
1316 801 1358 869 ΙΙ,

327 915 451 978 quorum
472 895 572 956 literae
594 895 706 976 aliaque
724 893 760 954 ad
782 894 951 956 monasterii
973 893 1173 958 fundationem
1194 898 1359 981 spectantia

328 994 495 1058 reseruntur
505 994 582 1077 apud
592 993 769 1065 sanderum,
782 996 871 1055 Brab.
881 997 989 1056 illustr.
1003 1007 1073 1056 tom.
1087 986 1140 1068 ΙΙΙ,
1152 1018 1180 1078 p.
1195 1004 1267 1069 t,et
1277 997 1357 1080 apud

328 1099 369 1158 De
380 1096 506 1177 luagbe,
523 1098 601 1176 Belp.
616 1098 850 1166 Dominicuuum,
867 1116 894 1178 p.
910 1099 970 1158 200
984 1109 1013 1158 et
1026 1117 1104 1180 seqq.
1151 1089 1153 1092 ’

366 1201 429 1281 Ope
443 1199 560 1260 chrici
576 1202 624 1268 ΙΙΙ,
638 1198 721 1260 ducis
734 1197 921 1270 Brabantiac‚
935 1219 983 1260 an.
999 1201 1079 1261 4256
1094 1198 1237 1281 templum
1255 1200 1359 1263 aedifi·

327 1299 804 1389 carecoeperunt,quodan.{271
819 1298 983 1362 absolutum
994 1299 1030 1360 ab
1041 1299 1160 1362 Albcrto
1170 1303 1286 1381 Magno,
1300 1305 1360 1365 Ra-

328 1401 509 1464 tisbonneusi
523 1401 672 1483 episcopo,
687 1412 887 1462 consecratum
904 1412 948 1462 est
962 1400 1016 1462 sub
1029 1401 1212 1464 invocatione
1226 1403 1256 1464 S.
1272 1403 1359 1465 Pauli

326 1500 459 1585 apostoli.
471 1503 567 1575 Quum
583 1501 723 1582 templum
737 1500 808 1562 illud
824 1502 912 1564 situm
926 1513 1001 1563 esset
1015 1501 1046 1563 iu
1062 1501 1165 1564 humili
1180 1502 1244 1564 loco
1253 1503 1360 1566 Schal-

326 1603 371 1664 dis
384 1613 464 1666 aestu
483 1602 624 1663 continno
640 1601 793 1672 immerso,
809 1613 838 1663 et
856 1622 924 1684 prae
938 1613 1082 1664 vetustate
1098 1603 1213 1664 ruinam
1228 1603 1360 1666 minare-

328 1716 389 1775 tur,
406 1703 587 1765 Dominicani
606 1704 801 1784 propinquum
823 1703 947 1765 fundum
965 1703 1117 1764 elevarunt
1133 1703 1169 1764 ad
1186 1703 1357 1786 quindecim

327 1803 425 1886 pedes,
437 1814 471 1864 et·
482 1803 511 1863 in
527 1823 560 1864 eo
578 1822 654 1862 anno
676 1805 754 1864 4559
775 1802 887 1883 erigere
907 1815 1066 1885 coeperunt
1085 1823 1193 1864 novum
1211 1803 1358 1886 tempium

325 1903 415 1966 veteri
430 1902 524 1965 multo
537 1902 689 1982 augustius
703 1903 732 1962 in
748 1922 811 1964 eam
827 1923 913 1986 quam
928 1903 1077 1985 bucusque
1090 1903 1222 1964 videmus
1238 1904 1358 1965 molem.

325 2009 531 2069 Consecratum
542 2018 585 2068 est
597 2004 644 2066 die
654 2009 692 2066 ΙΙ
704 2003 842 2066 februarii
860 2008 933 2067 1571
948 2025 999 2086 per
1009 2003 1199 2067 Godeiridum
1211 2005 1358 2074 allierlo.

325 2127 410 2188 quem
434 2107 561 2170 Sonnius
589 2105 682 2188 pridie
707 2099 877 2188 episcopum
902 2095 1119 2167 Hariemensem
1146 2117 1311 2168 sacraverat
1332 2111 1358 2148 ¹·

324 2211 483 2292 Suppresso
497 2207 688 2277 monasterio,
700 2206 819 2268 ecclesia
834 2207 864 2268 in
880 2207 1073 2288 parochialem
1087 2218 1198 2267 mutata
1209 2218 1263 2267 cst.

366 2311 394 2369 Ι.
417 2307 623 2369 Monasterinm
643 2311 801 2390 Lyranum,
821 2307 849 2368 in
871 2327 928 2390 quo
948 2306 1049 2368 literae
1067 2305 1254 2368 humaniores
1269 2307 1358 2368 dooe-

326 2408 447 2478 bantur,
466 2407 633 2469 inchoatum
657 2407 713 2468 fuit
736 2427 814 2468 anno
833 2411 909 2470 16Ιὲ
930 2427 981 2489 per
1001 2406 1167 2468 Michaelcm
1187 2406 1356 2488 Opbovium

325 2523 395 2572 tnnc
406 2510 517 2571 ordinis
527 2509 732 2592 provincialem
745 2523 774 2572 et
788 2509 892 2571 deinde
906 2510 1074 2592 episcopum
1090 2508 1356 2584 Ruscodnccnsem,

325 2611 423 2676 lavore
443 2612 562 2695 capituli
587 2632 620 2674 ac
640 2624 759 2680 senatus
781 2611 902 2694 Lyrani,
926 2631 1051 2693 quornm
1076 2630 1131 2692 ope
1154 2610 1358 2688 Dominicanis

326 2733 493 2776 concessum
518 2712 574 2775 snit
593 2711 731 2774 sacellum
753 2712 830 2795 quod
856 2713 947 2776 Cluso
968 2713 1001 2774 S.
1027 2711 1186 2776 Guormori
1203 2710 1315 2774 dicitnr
1330 2715 1357 2774 ².

326 2815 510 2897 Propositum
524 2813 694 2876 aedificandi
712 2801 887 2874 conventum
903 2831 992 2894 prope
1011 2813 1132 2876 Clusum
1149 2811 1230 2874 illam
1247 2812 1354 2876 effectu

326 2915 428 2987 caruit,
435 2913 504 2999 qnia
515 2915 696 2977 Dominicaui
703 2915 844 2998 aptiorem
854 2912 976 2975 fundum
988 2925 1159 2996 acceperant
1170 2914 1200 2975 in
1213 2915 1309 2997 platea
1318 2916 1356 2976 de

325 3019 527 3096 Lipserstruet,
537 3014 588 3076 nbi
600 3026 803 3082 ,constructum
814 3013 870 3076 init
884 3013 1093 3075 monasterium
1105 3034 1172 3076 cum
1187 3014 1306 3088 sacello,
1317 3015 1356 3076 ad

326 3116 481 3200 quodcum
497 3115 640 3198 gymnasii
658 3117 703 3177 sui
718 3115 844 3176 alumnis
858 3114 1105 3195 transmigrarunt
1120 3135 1197 3178 anno
1216 3120 1306 3180 tots.
1320 3122 1356 3180 ln

326 3217 380 3279 boc
394 3215 498 3278 sacello
519 3235 599 3277 sacra
621 3213 746 3296 agebant
763 3235 815 3297 pro
836 3214 977 3286 alumnis,
994 3213 1106 3296 reliqua
1126 3227 1222 3278 tamen
1242 3217 1357 3280 ordinis

326 3317 419 3380 officia
433 3316 617 3379 celebrabant
630 3317 660 3377 in
677 3317 768 3379 Clusa
782 3317 814 3378 S.
832 3316 1003 3386 Gummeri,
1021 3329 1168 3399 tamquam
1187 3317 1217 3378 in
1232 3317 1357 3382 ecclesia

326 3437 377 3480 sna
396 3415 596 3489 conventuali,
612 3419 641 3477 iu
663 3437 719 3500 qua
737 3416 909 3478 miraculosa
930 3419 963 3478 B.
984 3417 1096 3480 Mariae·
1107 3417 1239 3499 Virginis
1257 3430 1357 3482 statua

326 3519 441 3581 colitur.
529 3503 532 3512 ’

366 3617 571 3680 Monastcrium
587 3618 640 3679 boc
653 3617 808 3680 vicariatus
822 3630 884 3679 erat
899 3636 915 3677 a
929 3630 1072 3680 conventu
1087 3620 1291 3702 Antverpiensi
1306 3622 1357 3684 dc-

360 3857 368 3886 ¹
385 3853 444 3906 Vide
452 3870 537 3922 supra,
549 3871 572 3920 p.
585 3857 626 3905 st.

358 3941 369 3982 -¹
386 3941 434 3993 Gir.
447 3943 482 3994 [le
492 3940 601 4010 leoghe,
614 3942 734 4006 Belpa‘um
745 3941 850 3994 Domt'u.
863 3957 886 4006 p.
899 3940 955 3992 591.
