<?xml version="1.0" encoding="UTF-8"?>
<!DOCTYPE html PUBLIC "-//W3C//DTD XHTML 1.0 Transitional//EN"
    "http://www.w3.org/TR/xhtml1/DTD/xhtml1-transitional.dtd">
<html xmlns="http://www.w3.org/1999/xhtml" xml:lang="en" lang="en">
 <head>
  <title>
</title>
<meta http-equiv="Content-Type" content="text/html;charset=utf-8" />
  <meta name='ocr-system' content='tesseract 3.04.00' />
  <meta name='ocr-capabilities' content='ocr_page ocr_carea ocr_par ocr_line ocrx_word'/>
</head>
<body>
  <div class='ocr_page' id='page_1' title='image "./synopsisactorum00ramgoog_0037.png"; bbox 0 0 3012 4912; ppageno 0'>
   <div class='ocr_carea' id='block_1_1' title="bbox 579 518 697 613">
    <p class='ocr_par' dir='ltr' id='par_1_1' title="bbox 579 518 697 613">
     <span class='ocr_line' id='line_1_1' title="bbox 579 518 697 613; baseline -0.025 0"><span class='ocrx_word' id='word_1_1' title='bbox 579 518 697 613; x_wconf 75' lang='lat'>(¹9)</span> 
     </span>
    </p>
   </div>
   <div class='ocr_carea' id='block_1_2' title="bbox 165 652 1266 737">
    <p class='ocr_par' dir='ltr' id='par_1_2' title="bbox 165 652 1266 737">
     <span class='ocr_line' id='line_1_2' title="bbox 165 652 1266 737; baseline -0.002 -15"><span class='ocrx_word' id='word_1_2' title='bbox 165 661 257 733; x_wconf 93' lang='grc'><strong>1785,</strong></span> <span class='ocrx_word' id='word_1_3' title='bbox 270 659 487 737; x_wconf 72' lang='lat' dir='ltr'>dirbcupurti</span> <span class='ocrx_word' id='word_1_4' title='bbox 502 654 611 729; x_wconf 84' lang='lat' dir='ltr'>Quinta</span> <span class='ocrx_word' id='word_1_5' title='bbox 625 654 812 736; x_wconf 78' lang='lat' dir='ltr'>congregatio</span> <span class='ocrx_word' id='word_1_6' title='bbox 825 652 923 728; x_wconf 77' lang='lat' dir='ltr'>lubita</span> <span class='ocrx_word' id='word_1_7' title='bbox 937 673 1034 718; x_wconf 86' lang='lat' dir='ltr'>coram</span> <span class='ocrx_word' id='word_1_8' title='bbox 1047 655 1147 720; x_wconf 84' lang='lat' dir='ltr'>eodem</span> <span class='ocrx_word' id='word_1_9' title='bbox 1261 718 1266 726; x_wconf 87' lang='grc'><strong>,</strong></span> 
     </span>
    </p>
   </div>
   <div class='ocr_carea' id='block_1_3' title="bbox 126 759 1154 1446">
    <p class='ocr_par' dir='ltr' id='par_1_3' title="bbox 128 759 507 844">
     <span class='ocr_line' id='line_1_3' title="bbox 128 759 507 844; baseline -0.011 -21"><span class='ocrx_word' id='word_1_10' title='bbox 128 759 349 844; x_wconf 69' lang='lat' dir='ltr'>episcopalis.</span> <span class='ocrx_word' id='word_1_11' title='bbox 364 761 507 838; x_wconf 69' lang='lat' dir='ltr'>mutua.</span> 
     </span>
    </p>

    <p class='ocr_par' dir='ltr' id='par_1_4' title="bbox 126 856 1154 1247">
     <span class='ocr_line' id='line_1_4' title="bbox 164 856 1150 940; baseline -0.004 -16"><span class='ocrx_word' id='word_1_12' title='bbox 164 865 257 934; x_wconf 85' lang='grc'><strong>1781,</strong></span> <span class='ocrx_word' id='word_1_13' title='bbox 275 879 368 923; x_wconf 83' lang='lat' dir='ltr'>mense</span> <span class='ocrx_word' id='word_1_14' title='bbox 381 857 540 940; x_wconf 76' lang='lat' dir='ltr'>eupurtoll</span> <span class='ocrx_word' id='word_1_15' title='bbox 541 861 550 936; x_wconf 92' lang='grc'><strong>)</strong></span> <span class='ocrx_word' id='word_1_16' title='bbox 566 860 649 921; x_wconf 81' lang='lat' dir='ltr'>Sexta</span> <span class='ocrx_word' id='word_1_17' title='bbox 667 857 855 940; x_wconf 80' lang='lat' dir='ltr'>congregatio</span> <span class='ocrx_word' id='word_1_18' title='bbox 873 856 971 920; x_wconf 86' lang='lat' dir='ltr'>babita</span> <span class='ocrx_word' id='word_1_19' title='bbox 992 878 1090 920; x_wconf 90' lang='lat' dir='ltr'>coram</span> <span class='ocrx_word' id='word_1_20' title='bbox 1106 858 1150 920; x_wconf 84' lang='lat' dir='ltr'>ui·</span> 
     </span>
     <span class='ocr_line' id='line_1_5' title="bbox 127 957 1150 1044; baseline -0.003 -19"><span class='ocrx_word' id='word_1_21' title='bbox 127 962 209 1025; x_wconf 84' lang='lat' dir='ltr'>uariis</span> <span class='ocrx_word' id='word_1_22' title='bbox 218 960 416 1044; x_wconf 76' lang='lat' dir='ltr'>generalibus,</span> <span class='ocrx_word' id='word_1_23' title='bbox 428 959 494 1022; x_wconf 88' lang='lat' dir='ltr'>sede</span> <span class='ocrx_word' id='word_1_24' title='bbox 505 971 637 1032; x_wconf 85' lang='lat' dir='ltr'>vacante,</span> <span class='ocrx_word' id='word_1_25' title='bbox 650 959 776 1022; x_wconf 82' lang='lat' dir='ltr'>Antonio</span> <span class='ocrx_word' id='word_1_26' title='bbox 790 958 826 1022; x_wconf 91' lang='lat' dir='ltr'>de</span> <span class='ocrx_word' id='word_1_27' title='bbox 835 959 935 1032; x_wconf 85' lang='lat' dir='ltr'>Vries,</span> <span class='ocrx_word' id='word_1_28' title='bbox 947 959 976 1021; x_wconf 92' lang='lat' dir='ltr'>S.</span> <span class='ocrx_word' id='word_1_29' title='bbox 987 961 1020 1021; x_wconf 95' lang='lat' dir='ltr'><strong>T.</strong></span> <span class='ocrx_word' id='word_1_30' title='bbox 1032 962 1063 1027; x_wconf 84' lang='lat' dir='ltr'><strong>L.</strong></span> <span class='ocrx_word' id='word_1_31' title='bbox 1079 957 1150 1022; x_wconf 86' lang='lat' dir='ltr'>ecel.</span> 
     </span>
     <span class='ocr_line' id='line_1_6' title="bbox 126 1059 1153 1145; baseline -0.004 -19"><span class='ocrx_word' id='word_1_32' title='bbox 126 1063 198 1126; x_wconf 84' lang='lat' dir='ltr'>eatb.</span> <span class='ocrx_word' id='word_1_33' title='bbox 207 1061 471 1145; x_wconf 72' lang='lat' dir='ltr'>archipresbytero,</span> <span class='ocrx_word' id='word_1_34' title='bbox 481 1064 604 1123; x_wconf 84' lang='lat' dir='ltr'>ctPetro</span> <span class='ocrx_word' id='word_1_35' title='bbox 614 1061 798 1125; x_wconf 88' lang='lat' dir='ltr'>SimonsVau</span> <span class='ocrx_word' id='word_1_36' title='bbox 810 1063 921 1144; x_wconf 88' lang='lat' dir='ltr'>Eupeu‚</span> <span class='ocrx_word' id='word_1_37' title='bbox 931 1061 961 1123; x_wconf 89' lang='lat' dir='ltr'>S.</span> <span class='ocrx_word' id='word_1_38' title='bbox 969 1062 1002 1122; x_wconf 91' lang='lat' dir='ltr'>T.</span> <span class='ocrx_word' id='word_1_39' title='bbox 1015 1063 1046 1122; x_wconf 88' lang='lat' dir='ltr'>L.</span> <span class='ocrx_word' id='word_1_40' title='bbox 1058 1059 1153 1144; x_wconf 81' lang='lat' dir='ltr'><strong>ejusd.</strong></span> 
     </span>
     <span class='ocr_line' id='line_1_7' title="bbox 127 1161 1154 1247; baseline -0.003 -19"><span class='ocrx_word' id='word_1_41' title='bbox 127 1164 191 1228; x_wconf 87' lang='lat' dir='ltr'>eccl.</span> <span class='ocrx_word' id='word_1_42' title='bbox 207 1163 431 1247; x_wconf 79' lang='lat' dir='ltr'>poenitentiario</span> <span class='ocrx_word' id='word_1_43' title='bbox 451 1175 481 1224; x_wconf 84' lang='lat' dir='ltr'>et</span> <span class='ocrx_word' id='word_1_44' title='bbox 498 1161 649 1225; x_wconf 83' lang='lat' dir='ltr'>districtus</span> <span class='ocrx_word' id='word_1_45' title='bbox 667 1166 755 1227; x_wconf 76' lang='lat' dir='ltr'>antu.</span> <span class='ocrx_word' id='word_1_46' title='bbox 775 1162 895 1225; x_wconf 86' lang='lat' dir='ltr'>decano.</span> <span class='ocrx_word' id='word_1_47' title='bbox 913 1163 983 1226; x_wconf 85' lang='lat' dir='ltr'><strong>MS.</strong></span> <span class='ocrx_word' id='word_1_48' title='bbox 1002 1164 1083 1242; x_wconf 78' lang='lat' dir='ltr'>apud</span> <span class='ocrx_word' id='word_1_49' title='bbox 1099 1183 1154 1225; x_wconf 88' lang='lat' dir='ltr'>me.</span> 
     </span>
    </p>

    <p class='ocr_par' dir='ltr' id='par_1_5' title="bbox 127 1261 1154 1446">
     <span class='ocr_line' id='line_1_8' title="bbox 165 1261 1152 1346; baseline -0.001 -20"><span class='ocrx_word' id='word_1_50' title='bbox 165 1267 260 1337; x_wconf 78' lang='grc'><strong>1785,</strong></span> <span class='ocrx_word' id='word_1_51' title='bbox 277 1267 325 1325; x_wconf 82' lang='lat' dir='ltr'>die</span> <span class='ocrx_word' id='word_1_52' title='bbox 336 1266 355 1324; x_wconf 90' lang='grc'><strong>5</strong></span> <span class='ocrx_word' id='word_1_53' title='bbox 367 1267 491 1344; x_wconf 80' lang='lat' dir='ltr'>uupuoti.</span> <span class='ocrx_word' id='word_1_54' title='bbox 509 1262 637 1346; x_wconf 87' lang='lat' dir='ltr'>Septima</span> <span class='ocrx_word' id='word_1_55' title='bbox 655 1263 842 1343; x_wconf 83' lang='lat' dir='ltr'>congregatio</span> <span class='ocrx_word' id='word_1_56' title='bbox 856 1261 955 1324; x_wconf 85' lang='lat' dir='ltr'>habita</span> <span class='ocrx_word' id='word_1_57' title='bbox 969 1282 1067 1324; x_wconf 89' lang='lat' dir='ltr'>coram</span> <span class='ocrx_word' id='word_1_58' title='bbox 1080 1264 1152 1326; x_wconf 87' lang='lat' dir='ltr'>Cor-</span> 
     </span>
     <span class='ocr_line' id='line_1_9' title="bbox 127 1361 1154 1446; baseline 0 -20"><span class='ocrx_word' id='word_1_59' title='bbox 127 1363 200 1428; x_wconf 90' lang='lat' dir='ltr'>nelio</span> <span class='ocrx_word' id='word_1_60' title='bbox 218 1363 375 1426; x_wconf 82' lang='lat' dir='ltr'>Francisco</span> <span class='ocrx_word' id='word_1_61' title='bbox 394 1362 430 1424; x_wconf 89' lang='lat' dir='ltr'>de</span> <span class='ocrx_word' id='word_1_62' title='bbox 446 1362 540 1436; x_wconf 78' lang='lat' dir='ltr'>Nolis,</span> <span class='ocrx_word' id='word_1_63' title='bbox 558 1362 671 1425; x_wconf 86' lang='lat' dir='ltr'>decimo</span> <span class='ocrx_word' id='word_1_64' title='bbox 690 1372 791 1425; x_wconf 82' lang='lat' dir='ltr'>octavo</span> <span class='ocrx_word' id='word_1_65' title='bbox 816 1373 846 1424; x_wconf 91' lang='lat' dir='ltr'>et</span> <span class='ocrx_word' id='word_1_66' title='bbox 863 1361 968 1424; x_wconf 90' lang='lat' dir='ltr'>ultimo</span> <span class='ocrx_word' id='word_1_67' title='bbox 989 1367 1075 1424; x_wconf 77' lang='lat' dir='ltr'>butu.</span> <span class='ocrx_word' id='word_1_68' title='bbox 1092 1364 1154 1446; x_wconf 90' lang='lat' dir='ltr'>epi·</span> 
     </span>
    </p>
   </div>
   <div class='ocr_carea' id='block_1_4' title="bbox 125 1464 1154 3865">
    <p class='ocr_par' dir='ltr' id='par_1_6' title="bbox 127 1464 463 1547">
     <span class='ocr_line' id='line_1_10' title="bbox 127 1464 463 1547; baseline -0.009 -21"><span class='ocrx_word' id='word_1_69' title='bbox 127 1485 221 1547; x_wconf 91' lang='lat' dir='ltr'>scopo.</span> <span class='ocrx_word' id='word_1_70' title='bbox 235 1464 305 1529; x_wconf 87' lang='lat' dir='ltr'><strong>MS.</strong></span> <span class='ocrx_word' id='word_1_71' title='bbox 319 1464 399 1543; x_wconf 81' lang='lat' dir='ltr'>opud</span> <span class='ocrx_word' id='word_1_72' title='bbox 411 1483 463 1524; x_wconf 89' lang='lat' dir='ltr'>mc.</span> 
     </span>
    </p>

    <p class='ocr_par' dir='ltr' id='par_1_7' title="bbox 126 1559 1153 1746">
     <span class='ocr_line' id='line_1_11' title="bbox 165 1559 1153 1644; baseline -0.005 -17"><span class='ocrx_word' id='word_1_73' title='bbox 165 1568 259 1638; x_wconf 88' lang='grc'><strong>1786,</strong></span> <span class='ocrx_word' id='word_1_74' title='bbox 280 1567 326 1627; x_wconf 77' lang='lat' dir='ltr'>dic</span> <span class='ocrx_word' id='word_1_75' title='bbox 342 1569 379 1627; x_wconf 86' lang='grc'>51</span> <span class='ocrx_word' id='word_1_76' title='bbox 395 1567 481 1625; x_wconf 78' lang='lat' dir='ltr'>matt.</span> <span class='ocrx_word' id='word_1_77' title='bbox 496 1565 605 1626; x_wconf 85' lang='lat' dir='ltr'>Octava</span> <span class='ocrx_word' id='word_1_78' title='bbox 620 1563 808 1644; x_wconf 73' lang='lat' dir='ltr'>congregatio</span> <span class='ocrx_word' id='word_1_79' title='bbox 828 1559 928 1623; x_wconf 84' lang='lat' dir='ltr'>habita</span> <span class='ocrx_word' id='word_1_80' title='bbox 941 1580 1039 1623; x_wconf 90' lang='lat' dir='ltr'>coram</span> <span class='ocrx_word' id='word_1_81' title='bbox 1053 1560 1153 1623; x_wconf 89' lang='lat' dir='ltr'>eodem</span> 
     </span>
     <span class='ocr_line' id='line_1_12' title="bbox 126 1663 513 1746; baseline -0.005 -20"><span class='ocrx_word' id='word_1_82' title='bbox 126 1663 268 1746; x_wconf 89' lang='lat' dir='ltr'>episcopo.</span> <span class='ocrx_word' id='word_1_83' title='bbox 283 1664 353 1727; x_wconf 81' lang='lat' dir='ltr'><strong>MS.</strong></span> <span class='ocrx_word' id='word_1_84' title='bbox 367 1665 448 1742; x_wconf 81' lang='lat' dir='ltr'>apud</span> <span class='ocrx_word' id='word_1_85' title='bbox 459 1683 513 1725; x_wconf 82' lang='lat' dir='ltr'>ute.</span> 
     </span>
    </p>

    <p class='ocr_par' dir='ltr' id='par_1_8' title="bbox 127 1761 1154 2047">
     <span class='ocr_line' id='line_1_13' title="bbox 167 1761 1154 1844; baseline -0.002 -18"><span class='ocrx_word' id='word_1_86' title='bbox 167 1766 261 1837; x_wconf 92' lang='grc'><strong>1788,</strong></span> <span class='ocrx_word' id='word_1_87' title='bbox 278 1767 324 1826; x_wconf 83' lang='lat' dir='ltr'>die</span> <span class='ocrx_word' id='word_1_88' title='bbox 341 1769 358 1824; x_wconf 94' lang='grc'><strong>7</strong></span> <span class='ocrx_word' id='word_1_89' title='bbox 378 1766 460 1825; x_wconf 80' lang='lat' dir='ltr'>mcii.</span> <span class='ocrx_word' id='word_1_90' title='bbox 482 1765 564 1825; x_wconf 89' lang='lat' dir='ltr'>Nona</span> <span class='ocrx_word' id='word_1_91' title='bbox 584 1761 773 1844; x_wconf 76' lang='lat' dir='ltr'>congregatio</span> <span class='ocrx_word' id='word_1_92' title='bbox 794 1761 892 1824; x_wconf 89' lang='lat' dir='ltr'>habita</span> <span class='ocrx_word' id='word_1_93' title='bbox 913 1781 1011 1836; x_wconf 79' lang='lat' dir='ltr'>coram</span> <span class='ocrx_word' id='word_1_94' title='bbox 1032 1762 1154 1844; x_wconf 84' lang='lat' dir='ltr'>tosepbo</span> 
     </span>
     <span class='ocr_line' id='line_1_14' title="bbox 127 1862 1153 1947; baseline -0.004 -19"><span class='ocrx_word' id='word_1_95' title='bbox 127 1865 278 1929; x_wconf 86' lang='lat' dir='ltr'>Francisco</span> <span class='ocrx_word' id='word_1_96' title='bbox 292 1862 468 1947; x_wconf 78' lang='lat' dir='ltr'>Engelberto</span> <span class='ocrx_word' id='word_1_97' title='bbox 481 1862 664 1926; x_wconf 80' lang='lat' dir='ltr'>werbrouck</span> <span class='ocrx_word' id='word_1_98' title='bbox 672 1862 821 1946; x_wconf 86' lang='lat' dir='ltr'>,ejusdem</span> <span class='ocrx_word' id='word_1_99' title='bbox 836 1863 963 1947; x_wconf 75' lang='lat' dir='ltr'>episcopi</span> <span class='ocrx_word' id='word_1_100' title='bbox 978 1863 1086 1926; x_wconf 84' lang='lat' dir='ltr'>vicario</span> <span class='ocrx_word' id='word_1_101' title='bbox 1103 1883 1153 1945; x_wconf 81' lang='lat' dir='ltr'>ge-</span> 
     </span>
     <span class='ocr_line' id='line_1_15' title="bbox 127 1963 1054 2047; baseline -0.003 -18"><span class='ocrx_word' id='word_1_102' title='bbox 127 1966 232 2038; x_wconf 87' lang='lat' dir='ltr'>nerali,</span> <span class='ocrx_word' id='word_1_103' title='bbox 244 1967 274 2028; x_wconf 89' lang='lat' dir='ltr'>S.</span> <span class='ocrx_word' id='word_1_104' title='bbox 288 1968 320 2028; x_wconf 88' lang='lat' dir='ltr'>T.</span> <span class='ocrx_word' id='word_1_105' title='bbox 334 1969 368 2028; x_wconf 82' lang='lat' dir='ltr'>l).</span> <span class='ocrx_word' id='word_1_106' title='bbox 381 1963 502 2047; x_wconf 81' lang='lat' dir='ltr'>capituli</span> <span class='ocrx_word' id='word_1_107' title='bbox 517 1963 586 2026; x_wconf 89' lang='lat' dir='ltr'>eccl.</span> <span class='ocrx_word' id='word_1_108' title='bbox 601 1964 678 2027; x_wconf 86' lang='lat' dir='ltr'>cath.</span> <span class='ocrx_word' id='word_1_109' title='bbox 693 1964 811 2027; x_wconf 87' lang='lat' dir='ltr'>decano.</span> <span class='ocrx_word' id='word_1_110' title='bbox 825 1966 895 2039; x_wconf 77' lang='lat' dir='ltr'><strong>MS.</strong></span> <span class='ocrx_word' id='word_1_111' title='bbox 909 1967 990 2045; x_wconf 80' lang='lat' dir='ltr'>opud</span> <span class='ocrx_word' id='word_1_112' title='bbox 1002 1985 1054 2026; x_wconf 84' lang='lat' dir='ltr'>mc.</span> 
     </span>
    </p>

    <p class='ocr_par' dir='ltr' id='par_1_9' title="bbox 126 2063 1153 2250">
     <span class='ocr_line' id='line_1_16' title="bbox 165 2063 1153 2147; baseline -0.004 -17"><span class='ocrx_word' id='word_1_113' title='bbox 165 2071 262 2138; x_wconf 92' lang='grc'><strong>1789,</strong></span> <span class='ocrx_word' id='word_1_114' title='bbox 281 2067 327 2128; x_wconf 74' lang='lat' dir='ltr'>ue</span> <span class='ocrx_word' id='word_1_115' title='bbox 340 2068 380 2128; x_wconf 78' lang='lat' dir='ltr'>at</span> <span class='ocrx_word' id='word_1_116' title='bbox 388 2067 480 2145; x_wconf 79' lang='lat' dir='ltr'>junii.</span> <span class='ocrx_word' id='word_1_117' title='bbox 495 2064 613 2127; x_wconf 88' lang='lat' dir='ltr'>Decima</span> <span class='ocrx_word' id='word_1_118' title='bbox 627 2064 816 2147; x_wconf 76' lang='lat' dir='ltr'>congregatio</span> <span class='ocrx_word' id='word_1_119' title='bbox 830 2063 929 2127; x_wconf 88' lang='lat' dir='ltr'>habita</span> <span class='ocrx_word' id='word_1_120' title='bbox 942 2085 1039 2127; x_wconf 88' lang='lat' dir='ltr'>coram</span> <span class='ocrx_word' id='word_1_121' title='bbox 1052 2064 1153 2126; x_wconf 89' lang='lat' dir='ltr'>codem</span> 
     </span>
     <span class='ocr_line' id='line_1_17' title="bbox 126 2167 507 2250; baseline -0.008 -21"><span class='ocrx_word' id='word_1_122' title='bbox 126 2168 269 2250; x_wconf 89' lang='lat' dir='ltr'>episcopo.</span> <span class='ocrx_word' id='word_1_123' title='bbox 282 2167 352 2231; x_wconf 87' lang='lat' dir='ltr'><strong>MS.</strong></span> <span class='ocrx_word' id='word_1_124' title='bbox 365 2168 444 2246; x_wconf 80' lang='lat' dir='ltr'>apud</span> <span class='ocrx_word' id='word_1_125' title='bbox 454 2186 507 2227; x_wconf 87' lang='lat' dir='ltr'>me.</span> 
     </span>
    </p>

    <p class='ocr_par' dir='ltr' id='par_1_10' title="bbox 125 2264 1154 2550">
     <span class='ocr_line' id='line_1_18' title="bbox 164 2264 1154 2348; baseline -0.004 -17"><span class='ocrx_word' id='word_1_126' title='bbox 164 2271 255 2340; x_wconf 90' lang='grc'><strong>1790,</strong></span> <span class='ocrx_word' id='word_1_127' title='bbox 262 2269 308 2330; x_wconf 81' lang='lat' dir='ltr'>die</span> <span class='ocrx_word' id='word_1_128' title='bbox 317 2268 445 2329; x_wconf 76' lang='lat' dir='ltr'>lssmcii.</span> <span class='ocrx_word' id='word_1_129' title='bbox 453 2265 612 2328; x_wconf 88' lang='lat' dir='ltr'>Undecima</span> <span class='ocrx_word' id='word_1_130' title='bbox 619 2265 807 2348; x_wconf 76' lang='lat' dir='ltr'>congregatio</span> <span class='ocrx_word' id='word_1_131' title='bbox 816 2264 914 2328; x_wconf 87' lang='lat' dir='ltr'>babita</span> <span class='ocrx_word' id='word_1_132' title='bbox 924 2286 1021 2328; x_wconf 90' lang='lat' dir='ltr'>coram</span> <span class='ocrx_word' id='word_1_133' title='bbox 1031 2265 1154 2348; x_wconf 79' lang='lat' dir='ltr'>losepbo</span> 
     </span>
     <span class='ocr_line' id='line_1_19' title="bbox 125 2360 1153 2450; baseline 0 -21"><span class='ocrx_word' id='word_1_134' title='bbox 125 2367 278 2430; x_wconf 83' lang='lat' dir='ltr'>Francisco</span> <span class='ocrx_word' id='word_1_135' title='bbox 298 2367 474 2449; x_wconf 81' lang='lat' dir='ltr'>Engelberto</span> <span class='ocrx_word' id='word_1_136' title='bbox 492 2360 688 2440; x_wconf 84' lang='lat' dir='ltr'>Werbrouck,</span> <span class='ocrx_word' id='word_1_137' title='bbox 703 2369 733 2428; x_wconf 90' lang='lat' dir='ltr'>S.</span> <span class='ocrx_word' id='word_1_138' title='bbox 751 2368 783 2430; x_wconf 92' lang='lat' dir='ltr'><strong>T.</strong></span> <span class='ocrx_word' id='word_1_139' title='bbox 803 2370 835 2429; x_wconf 89' lang='grc'>1).</span> <span class='ocrx_word' id='word_1_140' title='bbox 851 2367 972 2450; x_wconf 90' lang='lat' dir='ltr'>capituli</span> <span class='ocrx_word' id='word_1_141' title='bbox 991 2366 1060 2429; x_wconf 89' lang='lat' dir='ltr'>ecel.</span> <span class='ocrx_word' id='word_1_142' title='bbox 1077 2368 1153 2430; x_wconf 84' lang='lat' dir='ltr'>cath.</span> 
     </span>
     <span class='ocr_line' id='line_1_20' title="bbox 125 2465 1079 2550; baseline 0.003 -21"><span class='ocrx_word' id='word_1_143' title='bbox 125 2468 232 2531; x_wconf 84' lang='lat' dir='ltr'>decano</span> <span class='ocrx_word' id='word_1_144' title='bbox 247 2479 277 2530; x_wconf 86' lang='lat' dir='ltr'>et</span> <span class='ocrx_word' id='word_1_145' title='bbox 290 2467 418 2549; x_wconf 87' lang='lat' dir='ltr'>ejusdem</span> <span class='ocrx_word' id='word_1_146' title='bbox 433 2467 560 2550; x_wconf 79' lang='lat' dir='ltr'>episcopi</span> <span class='ocrx_word' id='word_1_147' title='bbox 575 2466 683 2529; x_wconf 84' lang='lat' dir='ltr'>vicario</span> <span class='ocrx_word' id='word_1_148' title='bbox 696 2465 834 2548; x_wconf 82' lang='lat' dir='ltr'>generali.</span> <span class='ocrx_word' id='word_1_149' title='bbox 848 2468 917 2531; x_wconf 87' lang='lat' dir='ltr'><strong>MS.</strong></span> <span class='ocrx_word' id='word_1_150' title='bbox 933 2472 1013 2546; x_wconf 86' lang='lat' dir='ltr'>apud</span> <span class='ocrx_word' id='word_1_151' title='bbox 1026 2489 1079 2532; x_wconf 82' lang='lat' dir='ltr'>mc.</span> 
     </span>
    </p>

    <p class='ocr_par' dir='ltr' id='par_1_11' title="bbox 126 2566 1153 2753">
     <span class='ocr_line' id='line_1_21' title="bbox 164 2566 1153 2649; baseline -0.001 -19"><span class='ocrx_word' id='word_1_152' title='bbox 164 2572 253 2640; x_wconf 91' lang='grc'><strong>1791,</strong></span> <span class='ocrx_word' id='word_1_153' title='bbox 265 2570 310 2630; x_wconf 83' lang='lat' dir='ltr'>die</span> <span class='ocrx_word' id='word_1_154' title='bbox 322 2571 361 2630; x_wconf 73' lang='grc'><strong>86</strong></span> <span class='ocrx_word' id='word_1_155' title='bbox 364 2570 446 2647; x_wconf 79' lang='lat' dir='ltr'>jutit.</span> <span class='ocrx_word' id='word_1_156' title='bbox 454 2567 631 2630; x_wconf 86' lang='lat' dir='ltr'>Duodecima</span> <span class='ocrx_word' id='word_1_157' title='bbox 640 2566 828 2649; x_wconf 75' lang='lat' dir='ltr'>congregatio</span> <span class='ocrx_word' id='word_1_158' title='bbox 835 2567 933 2630; x_wconf 89' lang='lat' dir='ltr'>babita</span> <span class='ocrx_word' id='word_1_159' title='bbox 943 2587 1040 2630; x_wconf 87' lang='lat' dir='ltr'>coram</span> <span class='ocrx_word' id='word_1_160' title='bbox 1051 2568 1153 2630; x_wconf 88' lang='lat' dir='ltr'>eodem</span> 
     </span>
     <span class='ocr_line' id='line_1_22' title="bbox 126 2670 507 2753; baseline 0 -22"><span class='ocrx_word' id='word_1_161' title='bbox 126 2671 269 2753; x_wconf 89' lang='lat' dir='ltr'>episcopo.</span> <span class='ocrx_word' id='word_1_162' title='bbox 282 2670 351 2733; x_wconf 77' lang='lat' dir='ltr'><strong>MS.</strong></span> <span class='ocrx_word' id='word_1_163' title='bbox 365 2672 446 2748; x_wconf 83' lang='lat' dir='ltr'>opud</span> <span class='ocrx_word' id='word_1_164' title='bbox 454 2689 507 2731; x_wconf 90' lang='lat' dir='ltr'>me.</span> 
     </span>
    </p>

    <p class='ocr_par' dir='ltr' id='par_1_12' title="bbox 125 2771 1153 3258">
     <span class='ocr_line' id='line_1_23' title="bbox 164 2771 1153 2854; baseline -0.001 -21"><span class='ocrx_word' id='word_1_165' title='bbox 164 2775 259 2844; x_wconf 72' lang='lat'>1792,</span> <span class='ocrx_word' id='word_1_166' title='bbox 272 2773 369 2832; x_wconf 79' lang='lat' dir='ltr'>diebus</span> <span class='ocrx_word' id='word_1_167' title='bbox 383 2776 438 2854; x_wconf 85' lang='grc'>11,</span> <span class='ocrx_word' id='word_1_168' title='bbox 455 2773 509 2840; x_wconf 67' lang='lat' dir='ltr'>lb,</span> <span class='ocrx_word' id='word_1_169' title='bbox 524 2774 563 2832; x_wconf 88' lang='grc'>15</span> <span class='ocrx_word' id='word_1_170' title='bbox 576 2780 606 2833; x_wconf 88' lang='lat' dir='ltr'>et</span> <span class='ocrx_word' id='word_1_171' title='bbox 618 2773 657 2833; x_wconf 84' lang='grc'>11</span> <span class='ocrx_word' id='word_1_172' title='bbox 668 2772 841 2850; x_wconf 77' lang='lat' dir='ltr'>septenbris.</span> <span class='ocrx_word' id='word_1_173' title='bbox 852 2773 971 2833; x_wconf 86' lang='lat' dir='ltr'>Decreta</span> <span class='ocrx_word' id='word_1_174' title='bbox 986 2771 1016 2832; x_wconf 90' lang='lat' dir='ltr'>in</span> <span class='ocrx_word' id='word_1_175' title='bbox 1030 2791 1153 2853; x_wconf 79' lang='lat' dir='ltr'>congre·</span> 
     </span>
     <span class='ocr_line' id='line_1_24' title="bbox 125 2869 1152 2955; baseline 0.002 -23"><span class='ocrx_word' id='word_1_176' title='bbox 125 2871 241 2953; x_wconf 75' lang='lat' dir='ltr'>gatiano</span> <span class='ocrx_word' id='word_1_177' title='bbox 260 2869 321 2934; x_wconf 87' lang='lat' dir='ltr'>sive</span> <span class='ocrx_word' id='word_1_178' title='bbox 338 2870 449 2955; x_wconf 76' lang='lat' dir='ltr'>synodo</span> <span class='ocrx_word' id='word_1_179' title='bbox 462 2871 574 2934; x_wconf 83' lang='lat' dir='ltr'>decima</span> <span class='ocrx_word' id='word_1_180' title='bbox 592 2871 678 2933; x_wconf 86' lang='lat' dir='ltr'>tertia</span> <span class='ocrx_word' id='word_1_181' title='bbox 694 2870 793 2935; x_wconf 91' lang='lat' dir='ltr'>habita</span> <span class='ocrx_word' id='word_1_182' title='bbox 810 2871 840 2934; x_wconf 93' lang='lat' dir='ltr'>in</span> <span class='ocrx_word' id='word_1_183' title='bbox 859 2871 978 2934; x_wconf 87' lang='lat' dir='ltr'>bleersel</span> <span class='ocrx_word' id='word_1_184' title='bbox 999 2871 1152 2934; x_wconf 88' lang='lat' dir='ltr'>abeodem</span> 
     </span>
     <span class='ocr_line' id='line_1_25' title="bbox 125 2969 1152 3055; baseline 0 -21"><span class='ocrx_word' id='word_1_185' title='bbox 125 2973 268 3055; x_wconf 89' lang='lat' dir='ltr'>episcopo.</span> <span class='ocrx_word' id='word_1_186' title='bbox 285 2970 374 3054; x_wconf 80' lang='lat' dir='ltr'>Typis</span> <span class='ocrx_word' id='word_1_187' title='bbox 387 2991 490 3034; x_wconf 84' lang='lat' dir='ltr'>excusa</span> <span class='ocrx_word' id='word_1_188' title='bbox 503 2983 573 3034; x_wconf 86' lang='lat' dir='ltr'>sunt</span> <span class='ocrx_word' id='word_1_189' title='bbox 586 2969 636 3034; x_wconf 88' lang='lat' dir='ltr'>illa</span> <span class='ocrx_word' id='word_1_190' title='bbox 652 2970 779 3044; x_wconf 86' lang='lat' dir='ltr'>decreta,</span> <span class='ocrx_word' id='word_1_191' title='bbox 795 2991 868 3055; x_wconf 90' lang='lat' dir='ltr'>quae</span> <span class='ocrx_word' id='word_1_192' title='bbox 884 2971 921 3034; x_wconf 92' lang='lat' dir='ltr'>ab</span> <span class='ocrx_word' id='word_1_193' title='bbox 938 2972 1001 3054; x_wconf 88' lang='lat' dir='ltr'>ipso</span> <span class='ocrx_word' id='word_1_194' title='bbox 1017 2972 1152 3054; x_wconf 87' lang='lat' dir='ltr'>episcopo</span> 
     </span>
     <span class='ocr_line' id='line_1_26' title="bbox 125 3072 1152 3155; baseline -0.001 -19"><span class='ocrx_word' id='word_1_195' title='bbox 125 3077 243 3136; x_wconf 79' lang='lat' dir='ltr'>Decreta</span> <span class='ocrx_word' id='word_1_196' title='bbox 256 3076 395 3152; x_wconf 78' lang='lat' dir='ltr'>synodico</span> <span class='ocrx_word' id='word_1_197' title='bbox 408 3085 564 3147; x_wconf 83' lang='lat' dir='ltr'>vocamur,</span> <span class='ocrx_word' id='word_1_198' title='bbox 579 3093 646 3135; x_wconf 89' lang='lat' dir='ltr'>cum</span> <span class='ocrx_word' id='word_1_199' title='bbox 660 3073 752 3155; x_wconf 90' lang='lat' dir='ltr'>ipsius</span> <span class='ocrx_word' id='word_1_200' title='bbox 765 3072 859 3136; x_wconf 85' lang='lat' dir='ltr'>literis</span> <span class='ocrx_word' id='word_1_201' title='bbox 875 3074 911 3136; x_wconf 88' lang='lat' dir='ltr'>ad</span> <span class='ocrx_word' id='word_1_202' title='bbox 926 3074 1050 3138; x_wconf 89' lang='lat' dir='ltr'>decanos</span> <span class='ocrx_word' id='word_1_203' title='bbox 1062 3073 1152 3136; x_wconf 87' lang='lat' dir='ltr'>desti-</span> 
     </span>
     <span class='ocr_line' id='line_1_27' title="bbox 125 3173 989 3258; baseline 0.003 -23"><span class='ocrx_word' id='word_1_204' title='bbox 125 3175 199 3237; x_wconf 85' lang='lat' dir='ltr'>natis</span> <span class='ocrx_word' id='word_1_205' title='bbox 213 3186 294 3236; x_wconf 84' lang='lat' dir='ltr'>sexto</span> <span class='ocrx_word' id='word_1_206' title='bbox 309 3173 361 3236; x_wconf 84' lang='lat' dir='ltr'>cal·</span> <span class='ocrx_word' id='word_1_207' title='bbox 372 3173 471 3256; x_wconf 87' lang='lat' dir='ltr'>junias</span> <span class='ocrx_word' id='word_1_208' title='bbox 486 3177 535 3254; x_wconf 69' lang='lat'>(27</span> <span class='ocrx_word' id='word_1_209' title='bbox 550 3173 630 3252; x_wconf 88' lang='lat' dir='ltr'>maii)</span> <span class='ocrx_word' id='word_1_210' title='bbox 642 3177 734 3246; x_wconf 86' lang='grc'><strong>1795;</strong></span> <span class='ocrx_word' id='word_1_211' title='bbox 750 3194 836 3258; x_wconf 80' lang='lat' dir='ltr'>pagg.</span> <span class='ocrx_word' id='word_1_212' title='bbox 851 3178 888 3247; x_wconf 89' lang='lat'>8,</span> <span class='ocrx_word' id='word_1_213' title='bbox 902 3174 989 3238; x_wconf 81' lang='lat' dir='ltr'>in-l⁰.</span> 
     </span>
    </p>

    <p class='ocr_par' dir='ltr' id='par_1_13' title="bbox 126 3272 1153 3752">
     <span class='ocr_line' id='line_1_28' title="bbox 162 3272 1152 3358; baseline 0 -21"><span class='ocrx_word' id='word_1_214' title='bbox 162 3275 274 3337; x_wconf 86' lang='lat' dir='ltr'>Ultima</span> <span class='ocrx_word' id='word_1_215' title='bbox 287 3272 357 3336; x_wconf 88' lang='lat' dir='ltr'>baec</span> <span class='ocrx_word' id='word_1_216' title='bbox 371 3285 415 3338; x_wconf 90' lang='lat' dir='ltr'>cst</span> <span class='ocrx_word' id='word_1_217' title='bbox 428 3275 615 3358; x_wconf 81' lang='lat' dir='ltr'>congregatio</span> <span class='ocrx_word' id='word_1_218' title='bbox 633 3275 687 3338; x_wconf 89' lang='lat' dir='ltr'>sub</span> <span class='ocrx_word' id='word_1_219' title='bbox 702 3275 837 3338; x_wconf 87' lang='lat' dir='ltr'>Cornelio</span> <span class='ocrx_word' id='word_1_220' title='bbox 850 3276 1004 3338; x_wconf 83' lang='lat' dir='ltr'>Francisoo</span> <span class='ocrx_word' id='word_1_221' title='bbox 1021 3274 1058 3339; x_wconf 89' lang='lat' dir='ltr'>de</span> <span class='ocrx_word' id='word_1_222' title='bbox 1073 3274 1152 3337; x_wconf 86' lang='lat' dir='ltr'>Nelis</span> 
     </span>
     <span class='ocr_line' id='line_1_29' title="bbox 126 3374 1153 3460; baseline 0.001 -24"><span class='ocrx_word' id='word_1_223' title='bbox 126 3375 230 3438; x_wconf 87' lang='lat' dir='ltr'>habita.</span> <span class='ocrx_word' id='word_1_224' title='bbox 246 3374 298 3437; x_wconf 91' lang='lat' dir='ltr'>llle</span> <span class='ocrx_word' id='word_1_225' title='bbox 310 3375 427 3458; x_wconf 87' lang='lat' dir='ltr'>quidem</span> <span class='ocrx_word' id='word_1_226' title='bbox 439 3395 517 3438; x_wconf 93' lang='lat' dir='ltr'>anno</span> <span class='ocrx_word' id='word_1_227' title='bbox 533 3379 624 3449; x_wconf 81' lang='grc'><strong>1791,</strong></span> <span class='ocrx_word' id='word_1_228' title='bbox 641 3389 673 3438; x_wconf 86' lang='lat' dir='ltr'>ut</span> <span class='ocrx_word' id='word_1_229' title='bbox 683 3377 788 3438; x_wconf 88' lang='lat' dir='ltr'>caeteri</span> <span class='ocrx_word' id='word_1_230' title='bbox 800 3375 892 3458; x_wconf 77' lang='lat' dir='ltr'>Belgii</span> <span class='ocrx_word' id='word_1_231' title='bbox 903 3375 1063 3460; x_wconf 78' lang='lat' dir='ltr'>praesules,</span> <span class='ocrx_word' id='word_1_232' title='bbox 1076 3375 1153 3438; x_wconf 83' lang='lat' dir='ltr'>ucri-</span> 
     </span>
     <span class='ocr_line' id='line_1_30' title="bbox 127 3475 1153 3562; baseline 0.003 -25"><span class='ocrx_word' id='word_1_233' title='bbox 127 3489 171 3538; x_wconf 89' lang='lat' dir='ltr'>tus</span> <span class='ocrx_word' id='word_1_234' title='bbox 184 3475 335 3540; x_wconf 86' lang='lat' dir='ltr'>Gallorum</span> <span class='ocrx_word' id='word_1_235' title='bbox 350 3477 381 3540; x_wconf 89' lang='lat' dir='ltr'>in</span> <span class='ocrx_word' id='word_1_236' title='bbox 394 3477 527 3540; x_wconf 89' lang='lat' dir='ltr'>ordinem</span> <span class='ocrx_word' id='word_1_237' title='bbox 542 3476 768 3540; x_wconf 82' lang='lat' dir='ltr'>ecclesiasticum</span> <span class='ocrx_word' id='word_1_238' title='bbox 787 3478 868 3552; x_wconf 83' lang='lat' dir='ltr'>odia,</span> <span class='ocrx_word' id='word_1_239' title='bbox 888 3477 955 3560; x_wconf 77' lang='lat' dir='ltr'>luga</span> <span class='ocrx_word' id='word_1_240' title='bbox 975 3477 1104 3562; x_wconf 88' lang='lat' dir='ltr'>periculo</span> <span class='ocrx_word' id='word_1_241' title='bbox 1122 3497 1153 3540; x_wconf 87' lang='lat' dir='ltr'>se</span> 
     </span>
     <span class='ocr_line' id='line_1_31' title="bbox 128 3577 1151 3662; baseline 0.001 -23"><span class='ocrx_word' id='word_1_242' title='bbox 128 3578 286 3641; x_wconf 85' lang='lat' dir='ltr'>subducere</span> <span class='ocrx_word' id='word_1_243' title='bbox 298 3577 412 3652; x_wconf 88' lang='lat' dir='ltr'>debuit,</span> <span class='ocrx_word' id='word_1_244' title='bbox 426 3579 594 3642; x_wconf 83' lang='lat' dir='ltr'>constitutis</span> <span class='ocrx_word' id='word_1_245' title='bbox 608 3579 724 3642; x_wconf 85' lang='lat' dir='ltr'>vicariis</span> <span class='ocrx_word' id='word_1_246' title='bbox 736 3578 921 3662; x_wconf 84' lang='lat' dir='ltr'>generalibus</span> <span class='ocrx_word' id='word_1_247' title='bbox 933 3580 984 3662; x_wconf 91' lang='lat' dir='ltr'>qui</span> <span class='ocrx_word' id='word_1_248' title='bbox 997 3577 1151 3641; x_wconf 87' lang='lat' dir='ltr'>dioecesim</span> 
     </span>
     <span class='ocr_line' id='line_1_32' title="bbox 128 3679 421 3752; baseline 0 -12"><span class='ocrx_word' id='word_1_249' title='bbox 128 3679 363 3742; x_wconf 84' lang='lat' dir='ltr'>administrarent</span> <span class='ocrx_word' id='word_1_250' title='bbox 376 3683 399 3740; x_wconf 89' lang='lat'><strong>¹.</strong></span> <span class='ocrx_word' id='word_1_251' title='bbox 418 3746 421 3752; x_wconf 61' lang='grc'><strong>,</strong></span> 
     </span>
    </p>

    <p class='ocr_par' dir='ltr' id='par_1_14' title="bbox 165 3779 1150 3865">
     <span class='ocr_line' id='line_1_33' title="bbox 165 3779 1150 3865; baseline -0.003 -21"><span class='ocrx_word' id='word_1_252' title='bbox 165 3783 286 3844; x_wconf 81' lang='lat' dir='ltr'>Constat</span> <span class='ocrx_word' id='word_1_253' title='bbox 306 3779 429 3844; x_wconf 79' lang='lat' dir='ltr'>uimrios</span> <span class='ocrx_word' id='word_1_254' title='bbox 451 3784 602 3860; x_wconf 81' lang='lat' dir='ltr'>generales</span> <span class='ocrx_word' id='word_1_255' title='bbox 624 3792 754 3865; x_wconf 90' lang='lat' dir='ltr'>tempore</span> <span class='ocrx_word' id='word_1_256' title='bbox 774 3780 983 3865; x_wconf 85' lang='lat' dir='ltr'>persecutionis</span> <span class='ocrx_word' id='word_1_257' title='bbox 1003 3779 1150 3843; x_wconf 86' lang='lat' dir='ltr'>Gallorum</span> 
     </span>
    </p>
   </div>
   <div class='ocr_carea' id='block_1_5' title="bbox 161 4029 934 4099">
    <p class='ocr_par' dir='ltr' id='par_1_15' title="bbox 161 4029 934 4099">
     <span class='ocr_line' id='line_1_34' title="bbox 161 4029 934 4099; baseline 0.003 -19"><span class='ocrx_word' id='word_1_258' title='bbox 161 4030 169 4060; x_wconf 86' lang='lat'>¹</span> <span class='ocrx_word' id='word_1_259' title='bbox 186 4029 235 4080; x_wconf 86' lang='lat' dir='ltr'>Clr.</span> <span class='ocrx_word' id='word_1_260' title='bbox 249 4045 321 4094; x_wconf 84' lang='lat' dir='ltr'>supra</span> <span class='ocrx_word' id='word_1_261' title='bbox 333 4045 356 4094; x_wconf 91' lang='lat' dir='ltr'>p.</span> <span class='ocrx_word' id='word_1_262' title='bbox 370 4031 384 4080; x_wconf 85' lang='lat'>5</span> <span class='ocrx_word' id='word_1_263' title='bbox 397 4037 420 4079; x_wconf 87' lang='lat' dir='ltr'>et</span> <span class='ocrx_word' id='word_1_264' title='bbox 432 4029 497 4083; x_wconf 85' lang='lat' dir='ltr'>iulra</span> <span class='ocrx_word' id='word_1_265' title='bbox 509 4038 564 4080; x_wconf 88' lang='lat' dir='ltr'>sect.</span> <span class='ocrx_word' id='word_1_266' title='bbox 576 4030 646 4082; x_wconf 84' lang='lat' dir='ltr'>tertia</span> <span class='ocrx_word' id='word_1_267' title='bbox 659 4032 689 4082; x_wconf 87' lang='lat' dir='ltr'>ad</span> <span class='ocrx_word' id='word_1_268' title='bbox 702 4047 741 4085; x_wconf 85' lang='lat' dir='ltr'>an.</span> <span class='ocrx_word' id='word_1_269' title='bbox 749 4032 819 4084; x_wconf 76' lang='grc'><strong>,1791</strong></span> <span class='ocrx_word' id='word_1_270' title='bbox 831 4041 855 4083; x_wconf 90' lang='lat' dir='ltr'>et</span> <span class='ocrx_word' id='word_1_271' title='bbox 867 4047 934 4099; x_wconf 84' lang='lat' dir='ltr'>seqq.</span> 
     </span>
    </p>
   </div>
   <div class='ocr_carea' id='block_1_6' title="bbox 0 0 1510 4912">
    <p class='ocr_par' dir='ltr' id='par_1_16' title="bbox 0 0 1510 4912">
     <span class='ocr_line' id='line_1_35' title="bbox 0 0 1510 4912; baseline 0 0"><span class='ocrx_word' id='word_1_272' title='bbox 0 0 1510 4912; x_wconf 95' lang='lat' dir='ltr'> </span> 
     </span>
    </p>
   </div>
  </div>
 </body>
</html>
