2978 4916
537 477 687 575 (aas)

99 614 167 678 cisoi
183 616 214 678 in
227 617 366 678 honorem
381 619 409 680 S.
421 621 529 680 Annae.
545 615 664 679 Saeculo
675 616 736 679 lllll
751 615 877 698 primum
892 637 907 677 a
920 618 1043 679 lla'rtirio
1056 614 1127 681 Ro's'-

100 717 205 790 semiu,
227 717 332 780 deiude
348 717 384 780 ab
408 715 593 781 iconoclastis
617 702 756 780 moniales
781 711 1007 780 devastationem
1029 723 1128 801 passae

100 829 169 880 suut
183 829 213 878 et
227 817 263 879 ad
278 817 424 879 civitatem
439 815 644 898 confugerunt.
655 819 725 880 Post
735 818 860 878 sancitas
871 812 1002 880 inducias
1015 815 1130 879 moira's-

100 919 207 980 terium
227 929 440 992 restaurarunt;
455 917 519 991 sed,
535 939 624 1002 quum
646 929 710 1002 post
731 917 928 980 duodennium
947 917 1129 982 induciarum
1202 959 1204 963 -

101 1021 310 1103 expirationem
324 1020 540 1102 praevideretur
553 1011 677 1094 bellum,
693 1015 844 1103 episcopus
854 1024 979 1084 loannes
989 1017 1132 1083 Maldei'us

101 1141 148 1182 au.
164 1123 241 1183 tout
259 1121 399 1183 moniales
410 1122 441 1184 iu
456 1123 602 1184 civitatem
617 1122 777 1193 revocavit,
790 1142 862 1204 quaa
873 1121 933 1183 illic
946 1142 1052 1184 novum
1065 1142 1134 1184 cou-

101 1233 272 1283 struxerunt
289 1223 497 1286 monasterium
514 1241 531 1284 a
550 1223 643 1305 prima
661 1222 739 1284 illius
759 1221 825 1284 sede
842 1223 876 1282 de
889 1224 1059 1305 Laytltugco
1073 1223 1133 1285 dic-

103 1336 176 1383 tum.
195 1324 236 1382 De
249 1321 306 1384 boc
320 1322 460 1385 coenobio
475 1322 538 1384 luse
552 1323 613 1406 agit
626 1323 810 1396 Dicrcxsens,
826 1335 897 1386 tom.
911 1325 974 1395 llll,
988 1343 1016 1405 p.
1034 1326 1091 1385 lid
1105 1336 1133 1384 et

102 1444 182 1507 seqq.

69 1581 72 1588 .
144 1528 235 1587 Vetus
252 1525 423 1586 monialium
444 1524 581 1587 sacellum
604 1524 635 1610 in
656 1523 822 1606 buytlragen
842 1523 973 1586 substitit
992 1525 1135 1607 usquead

105 1627 195 1688 tinem
214 1626 321 1688 saeculi
345 1629 446 1699 XVlll,
463 1646 521 1708 quo
542 1624 597 1687 sub
617 1625 766 1688 Gallorum
787 1624 937 1687 dominatu
964 1624 1135 1687 demolitum

106 1727 174 1788 suit.
185 1725 360 1808 Superstites
374 1725 507 1788 coenobii
522 1725 606 1788 aedes
617 1724 761 1787 inhabitat
775 1724 905 1787 colonus.

146 1830 176 1888 2.
197 1829 288 1911 Lyrae
305 1825 477 1888 coenobium
498 1825 534 1887 de
553 1826 634 1906 Syou
653 1825 707 1888 sub
726 1825 825 1888 eadem
849 1826 948 1908 regula
968 1825 1136 1889 institutum

106 1927 164 1989 fuit
179 1948 226 1990 an.
239 1930 317 1992 1468
324 1927 407 2010 juxta
422 1927 627 1989 coemeterium
640 1928 746 1992 Clusae
760 1927 793 1990 S.
808 1928 979 1999 Gummari,
993 1929 1028 1989 ad
1041 1947 1139 2010 preces

106 2029 290 2092 Elisabetbae
303 2029 422 2113 Robyus
435 2050 488 2112 pro
503 2029 558 2111 piis
573 2027 718 2112 aliquibus
732 2027 846 2090 filiabus
860 2047 933 2111 quae
947 2027 1004 2090 huc
1016 2029 1138 2092 advene-

106 2141 175 2191 raut
195 2150 229 2191 ex
245 2129 409 2203 Hasseleto,
425 2142 454 2191 et
471 2128 609 2212 paulatim
632 2141 733 2191 auctae
749 2127 848 2190 labore
862 2149 1004 2192 mannum
1020 2151 1139 2192 suarum

106 2228 294 2303 victitabant,
307 2229 380 2292 nulli
395 2231 544 2292 clausurae
558 2229 726 2302 adstrictae,
740 2250 825 2312 quam
841 2241 938 2292 tamen
950 2243 1047 2312 postea
1061 2252 1142 2294 acce-

107 2341 217 2414 perunt
231 2331 267 2392 ab
285 2330 419 2412 episcopo
433 2323 642 2392 Cameracensi.
653 2328 831 2392 Coenobium
846 2329 901 2392 hoc
913 2330 961 2392 die
973 2334 1011 2393 to
1024 2333 1140 2414 augusti

110 2434 192 2494 tuos
214 2453 231 2492 a
254 2431 380 2514 capitulo
398 2432 428 2492 S.
447 2430 595 2492 Gummari
614 2430 773 2494 admissum
793 2443 850 2504 est,
871 2431 955 2514 eique
972 2453 1140 2496 concessum

109 2539 145 2594 u't
158 2529 366 2594 confessarium
381 2531 522 2612 eligerent
537 2527 735 2614 presbyterum
753 2532 942 2604 saecularem,
954 2533 1002 2615 qui
1015 2535 1141 2618 capitulo

109 2629 242 2694 subesset
252 2643 281 2693 et
291 2645 436 2714 tamquam
450 2629 555 2693 caeteri
567 2631 706 2714 capellani
722 2632 921 2715 processiones
936 2635 1142 2697 concomitare·

109 2745 172 2794 tur.
186 2735 335 2793 Praeterea
350 2743 467 2793 cautum
483 2733 574 2792 estut
592 2731 763 2794 coenobium
778 2731 807 2792 in
824 2727 1052 2813 recognitionem
1071 2755 1142 2818 peu-

110 2835 195 2897 deret
215 2833 342 2916 capitulo
365 2837 437 2896 daos
455 2838 577 2912 lloreuos
597 2838 682 2895 bonos
704 2847 728 2896 et
751 2829 852 2916 legales
873 2829 999 2898 monetae
1018 2851 1142 2916 quatuor

109 2939 263 2998 electorum
274 2939 402 3015 imperii,
415 2937 484 2997 item
499 2955 590 2996 uuum
606 2935 713 3016 pastori
725 2937 753 2997 S.
765 2935 913 2996 Gummari
923 2958 931 3006 ;
942 2947 975 2996 ut
986 2956 1038 3018 pro
1049 2937 1142 3019 quoli-
1217 2981 1218 2984 η

111 3039 164 3097 bet
179 3036 319 3097 canonico
334 3035 470 3098 defuncto
485 3037 629 3118 legeretur
643 3033 769 3098 officium
791 3024 994 3098 defunctorum
1009 3057 1042 3098 ac
1056 3039 1144 3124 missa

113 3135 321 3208 celebraretur,
338 3135 367 3198 et
383 3158 420 3199 ne
437 3135 638 3218 religiosarum
660 3135 798 3199 numerus
819 3121 967 3200 excederet
986 3139 1143 3226 sexaginta.

113 3226 304 3298 conditiones
314 3235 378 3299 illas
392 3235 511 3300 admisit
523 3235 668 3321 praedicta
680 3235 844 3317 Elisabetba
860 3228 990 3322 liobyn's,
1005 3259 1077 3321 quae
1090 3227 1145 3302 init

115 3337 211 3421 prima
227 3343 319 3399 mater
332 3359 383 3400 seu
398 3339 544 3421 priorissa.
1022 3359 1026 3368 ·

159 3443 186 3501 5.
210 3429 290 3500 llliae
312 3439 440 3521 ejusdem
461 3437 578 3522 regulae
601 3437 752 3522 religiosae
773 3426 1021 3503 Gronau-Zostera
1041 3440 1147 3513 dictae,

115 3537 281 3622 quocontra
296 3537 470 3603 conventum
482 3541 576 3622 aegris
590 3541 765 3614 inserviunt,
778 3537 810 3602 ei
826 3536 945 3603 Le'euna
959 3535 1146 3624 dntverniam

116 3642 299 3704 advenerunt
313 3663 389 3705 anno
404 3647 491 3707 1679.

519 3833 563 3871 xv.
585 3817 743 3870 Unsuuman.

164 3971 330 4043 Ursulinae,
345 3991 466 4053 quarum
482 3970 651 4052 primarium
664 3970 807 4032 intentum
824 3983 886 4032 erat
901 3970 1054 4033 instructio
1071 3970 1149 4051 puel-
