2978 4916
579 453 727 549 (ara)

459 945 462 952 .
556 904 675 948 CAPUT
694 906 742 947 lv.

508 1097 542 1136 DE
567 1097 793 1140 uoutstttttts.

630 1221 674 1230 -0-

539 1449 541 1454 -
618 1419 643 1517 53
665 1420 682 1476 r.

472 1581 651 1646 Mouuttert'o
673 1582 824 1644 Virorum.
928 1621 930 1626 ·

528 1784 545 1819 r.
566 1765 768 1838 Auousmutam.

176 1910 253 1968 Duos
267 1863 410 1968 habebant
423 1917 597 1978 conventus,
610 1925 700 1968 unum
716 1905 900 1989 antverpiae,
916 1907 1038 1968 alterum
1055 1901 1164 1969 Heren-

195 2027 214 2066 L
298 2019 301 2024 .
1125 2021 1127 2027 .

131 2004 204 2168 ddi.
224 2109 393 2168 Conventus
414 2105 634 2188 Antrerpieneis
651 2105 806 2168 inchoatus
827 2104 883 2166 suit
900 2124 946 2166 an.
970 2067 1165 2172 teta-arett-

133 2208 226 2291 gioria
235 2206 470 2289 congregationis
480 2205 621 2268 Saxoniae
630 2207 680 2290 qui
692 2204 1043 2270 annot5tssooenobium
1054 2219 1166 2270 struere

134 2318 303 2393 coeperunt.
317 2306 373 2376 Sed
394 2306 520 2394 triennio
533 2301 613 2402 poet,
629 2307 784 2370 mandante
802 2305 929 2369 Adriano
942 2299 992 2380 Vi,
1006 2320 1167 2374 eonventus

134 2429 253 2484 arerent
265 2420 327 2483 eet,
340 2409 452 2490 ipsique
468 2408 541 2470 urbe
552 2405 760 2492 expulsi-sunt,
777 2407 814 2470 ob
828 2419 1020 2492 propagatum
1039 2407 1075 2471 ab
1095 2409 1167 2492 ipsis
1224 2439 1227 2446 ·

134 2510 401 2576 Luthernnismum.
411 2508 471 2572 Gir.
483 2510 667 2583 Dierexsena,
680 2509 807 2584 tumlti,
820 2531 868 2593 pp.
879 2513 939 2573 279
951 2521 981 2572 et
991 2529 1071 2594 aeqq.
1083 2511 1166 2594 Ejus·
1284 2589 1286 2594 ,

134 2613 202 2677 dean
214 2611 342 2674 instituti
353 2623 463 2694 patres,
475 2611 525 2696 qui
537 2625 634 2674 tamen
646 2631 713 2674 oum
725 2611 872 2692 prioribus
883 2612 967 2674 nullo
976 2611 1167 2676 fraternitatis

134 2713 254 2778 vinculo
274 2712 423 2795 eonjunuti
445 2723 541 2786 erant,
556 2732 634 2774 anno
650 2715 728 2774 tour
749 2701 944 2794 inpetrarunt
958 2712 1078 2775 domum
1093 2734 1109 2775 a
1125 2733 1167 2776 se·

136 2827 223 2887 nato,
245 2813 344 2896 ibique
363 2823 566 2876 exstruxerunt
586 2811 715 2896 amplum
737 2805 946 2874 monasterium
971 2824 1001 2876 et
1025 2799 1165 2896 tempium

96 2967 99 2978 .
136 2914 342 2998 magnifieum,
363 2934 396 2975 ao
414 2913 527 2992 scholae
544 2913 695 2975 literarum
718 2911 924 2975 humaniorum
939 2915 1131 2977 instituerunt
1145 2920 1165 2976 ¹.

176 3019 205 3078 2.
218 3018 393 3094 ¹Conventus
404 3013 650 3086 florentinianus,
661 3015 692 3075 in
703 3007 761 3100 quo
771 3013 873 3077 literae
882 3014 1069 3078 humaniores
1078 3015 1165 3079 etiam

136 3117 338 3192 tradebantur,
349 3129 464 3180 erectus
475 3115 531 3179 suit
540 3119 649 3180 antiit
657 3119 685 3188 5,
696 3115 851 3200 adjuvante
862 3135 920 3179 non
930 3135 1032 3200 parum
1041 3115 1165 3180 Adriano

134 3217 308 3301 Stalpaerts,
324 3215 428 3281 abbate
439 3215 661 3300 Tongerloenoo.

540 3458 568 3495 rr.
591 3441 774 3495 Brunntcrtru.

178 3583 283 3643 Fertur
302 3578 368 3642 iilos
387 3579 564 3662 Antverpiae,
582 3591 611 3642 et
631 3579 660 3640 in
682 3578 787 3644 vicinia
809 3578 879 3642 olim
901 3579 1012 3664 aliquas
1033 3577 1166 3644 hahuisse

137 3682 302 3745 mansiones
316 3702 365 3741 seo
383 3683 484 3742 Cultor.

173 3880 180 3910 ¹
199 3882 233 3932 De
245 3879 318 3944 ipsius
326 3887 446 3932 conventu
455 3878 529 3931 initiis
539 3887 563 3930 et
573 3893 704 3946 progressu
716 3877 770 3929 vide
778 3879 931 3948 hiereneus,
943 3893 982 3944 op.
990 3849 1031 3931 eit.
1042 3887 1098 3931 tom.
1109 3882 1167 3946 Vll,

138 3984 161 4031 p.
175 3969 202 4018 nt
218 3975 242 4017 et
254 3981 332 4035 seqq„
344 3974 368 4018 et
379 3967 493 4019 Soudert'
503 3967 632 4019 Broboot.
646 3966 739 4018 itiurtr.
753 3973 810 4017 tom.
824 3965 858 4032 n,
870 3981 893 4031 p.
908 3967 956 4018 199
969 3975 991 4018 et
1003 3982 1070 4034 seqq.
