2978 4916
400 587 579 655 Conventus,
598 583 817 664 congregationi
831 583 1061 646 Windesemensi
1078 582 1190 656 unitus,
1209 584 1384 646 instauratus

362 684 417 745 luit
431 704 482 765 pro
496 704 545 746 sex
558 683 701 764 religiosis
715 682 910 766 presbyteris,
924 703 1049 767 quorum
1065 705 1206 747 numerus
1219 685 1320 766 augeri
1338 705 1384 767 po

360 795 434 845 terat
449 805 538 867 usque
554 783 589 844 ad
603 783 783 865 quindecim,
798 784 828 846 in
845 784 1013 846 memoriam
1030 785 1195 867 quindecim
1212 784 1383 866 gaudiorum

360 886 498 968 Deiparae
512 885 655 966 Virginis,
671 898 704 947 ut
719 885 749 946 in
766 885 945 951 fundationis
958 884 1115 967 diplomate
1128 885 1246 966 legitur.
1352 901 1355 906 '

393 987 519 1049 Saeculo
533 989 595 1049 Xlll
608 986 807 1048 Thronianum
822 987 1029 1048 monasterium
1041 985 1183 1048 bellorum
1199 984 1310 1069 injuria
1324 1007 1386 1068 spo·
1465 1029 1466 1062 3

359 1088 461 1149 liatum
476 1101 504 1150 et
517 1108 649 1150 euersum
664 1085 733 1158 luit;
747 1085 970 1167 religiosiorem
984 1086 1021 1148 ad
1036 1086 1163 1169 ejusdem
1176 1087 1290 1149 ordinis
1303 1107 1387 1148 cano·
1464 1073 1466 1180 J

359 1189 437 1250 niam
453 1191 481 1252 S.
496 1188 612 1251 Martini
628 1186 834 1251 Lovaniensem
850 1187 1012 1260 translatis,
1027 1187 1113 1249 etiem
1129 1189 1233 1249 titulus
1247 1209 1316 1250 oum
1331 1188 1385 1271 ple

360 1290 456 1374 risque
467 1289 551 1352 bonis
562 1311 612 1373 por
625 1291 722 1352 sedern
737 1289 924 1372 apostolicam
941 1289 1033 1352 eidem
1047 1303 1091 1351 est
1104 1291 1219 1362 unitus,
1235 1311 1310 1374 quae
1323 1291 1386 1352 inde
1464 1275 1466 1322 {

364 1393 497 1454 llrronus
510 1394 546 1452 B.
562 1395 677 1452 Mariae
691 1393 731 1452 od
744 1392 777 1452 S.
788 1391 955 1453 Martinam
969 1389 1046 1452 diota
1059 1401 1112 1451 est.
1128 1393 1198 1453 Pars
1213 1402 1310 1453 tamen
1325 1412 1385 1472 pro·

350 1486 499 1554 'ventuum
514 1490 651 1573 collegio,
672 1510 725 1572 pro
741 1490 879 1552 studiosis
893 1489 1129 1572 congregationis
1139 1490 1384 1560 ¹Windesemensis

360 1593 480 1656 Lovanii
495 1605 607 1664 erecto,
623 1591 766 1674 applicata
777 1591 833 1654 luit
847 1595 870 1653 ¹.

779 1829 815 1866 vr.
836 1812 971 1867 Caruerru.

403 1965 496 2049 Hujus
516 1965 627 2028 ordinis
651 1977 776 2048 quatuor
797 1964 915 2027 luerunt
933 1965 962 2026 in
975 1965 1098 2027 dioecesi
1113 1966 1303 2039 monasteria,
1318 1970 1385 2028 nno-

248 2105 250 2112 ·
361 2068 489 2151 verpiae,
505 2071 608 2150 Lyrae,
624 2067 653 2127 in
670 2086 743 2148 pago
757 2064 793 2127 de
808 2064 925 2128 Meersel
939 2079 969 2128 et
980 2066 1097 2128 Bredas.

403 2176 429 2230 l.
452 2171 606 2250 Postquam
619 2166 779 2230 Alexander
789 2167 954 2229 Parmensis
963 2173 1014 2228 an.
1027 2169 1105 2229 1685
1116 2164 1285 2249 Philippum
1294 2188 1384 2249 regem

362 2270 515 2331 induxerat
534 2268 570 2329 ad
590 2269 745 2350 petendum
761 2288 777 2329 a
791 2267 932 2329 Pontifioe
945 2279 979 2328 ut
993 2266 1132 2350 Capueini
1151 2266 1181 2328 in
1197 2267 1298 2349 Belgio
1312 2267 1386 2330 deso-

362 2369 451 2430 latam
464 2367 580 2429 Domini
599 2367 712 2428 vineam
729 2367 776 2449 pio
790 2365 849 2429 zelo
866 2367 1042 2438 excolerent,
1065 2366 1252 2448 antverpiam
1268 2390 1284 2428 e
1301 2369 1385 2430 Gallia
1464 2363 1466 2424 l

363 2468 527 2560 missisunt
539 2481 665 2550 quatuor
678 2466 765 2550 hujus
778 2466 890 2530 ordinis
903 2466 973 2539 viri,
989 2468 1039 2550 qul
1057 2467 1232 2549 aliquamdiu
1252 2470 1386 2553 hospitale

363 2571 392 2632 S.
413 2569 521 2633 loliani
541 2569 571 2630 in
595 2569 687 2653 platea
705 2570 782 2631 diota
795 2571 830 2631 de
843 2570 1027 2649 Stoofistroet
1041 2568 1252 2632 inhabitarunt.
1269 2571 1386 2632 lubente
1464 2557 1465 2562 ἵ

362 2669 435 2734 duee
460 2670 625 2743 Parmensi,
654 2690 731 2732 anno
757 2674 848 2742 1586,
872 2655 1023 2753 Philippus
1048 2668 1195 2751 Vleugels,
1222 2657 1386 2734 Bralrantiao
1464 2733 1465 2736 ,

363 2771 561 2846 consiliarius,
581 2772 728 2855 aptiorem¹
742 2772 860 2834 domum
876 2783 905 2833 et
919 2771 1042 2833 lundam
1057 2772 1165 2834 coemit
1181 2773 1264 2856 juxta
1280 2787 1383 2857 portam

363 2871 495 2943 rubram,
518 2869 615 2954 ibique
640 2871 781 2954 templum
803 2871 954 2934 eonditum
974 2883 1034 2946 est,
1058 2892 1075 2933 a
1095 2872 1220 2935 Laeuino
1238 2873 1384 2936 Torrentio

363 2967 410 3034 an.
424 2975 502 3035 l589
516 2961 727 3034 consecratum.
742 2975 773 3032 ln
786 2971 887 3034 eodem
899 2972 986 3034 fundo
1001 2992 1049 3035 an.
1063 2975 1142 3035 1615
1154 2993 1264 3036 novum
1278 2995 1384 3037 monas·
1463 3033 1464 3036 ,

332 3059 334 3062 ’
363 3073 469 3136 terium
483 3085 698 3146 constructum,
709 3072 792 3156 eujus
805 3073 931 3156 primunr
943 3073 1067 3156 lapidem
1080 3075 1270 3138 archiducem
1282 3075 1383 3139 Alberti
1462 3119 1464 3148 r

363 3187 393 3237 et
406 3174 541 3238 lsabellae
555 3173 673 3238 nomine
690 3174 787 3258 posuit
801 3173 943 3238 ilenriou‘s
956 3175 1075 3249 Variok,
1090 3178 1298 3258 marogravius,
1310 3197 1383 3260 prae
1463 3163 1464 3188 *

365 3287 446 3337 sente
459 3275 595 3358 episeopo
607 3277 717 3337 loanne
733 3275 868 3340 Maldero.

406 3379 473 3438 Post
491 3397 676 3459 suppressum
699 3379 921 3447 monasterium,
940 3377 1058 3440 ecelesia
1080 3378 1109 3440 in
1131 3396 1250 3441 unarne
1267 3376 1384 3440 civitatis

367 3477 579 3560 parochialibus
592 3499 729 3542 conversa
744 3479 800 3541 luit
814 3478 867 3542 suh
879 3479 966 3542 titulo
979 3482 1008 3542 S.
1021 3480 1150 3542 Antonii.

407 3581 435 3639 P.
454 3581 622 3642 Conventus
643 3583 773 3661 Lyranns
796 3580 871 3641 haue
892 3599 978 3662 supra
1000 3579 1099 3662 templi
1121 3577 1242 3662 januam
1270 3579 1383 3660 insorip
1461 3601 1462 3608 ¹

366 3678 474 3740 tionem
493 3677 624 3741 ferebat:
647 3683 718 3751 Duo,
737 3701 830 3749 oriona
848 3701 948 3741 vrnemr
964 3701 1042 3742 urrnr
1061 3702 1094 3741 er
1112 3701 1253 3744 satarurco
1273 3702 1295 3740 r.
1311 3700 1384 3740 rear·
1461 3667 1462 3728 ἕ

400 3860 408 3890 ¹
428 3861 477 3913 Glr.
488 3859 639 3930 wichmans,
653 3863 782 3941 Brutum.
797 3863 866 3915 Mor.
879 3862 919 3914 lib.
929 3865 975 3930 ΙΙΙ,
989 3879 1041 3928 cap.
1051 3865 1095 3930 to,
1107 3873 1131 3914 et
1142 3863 1274 3931 lloyltorgii
1285 3861 1383 3914 notaria
1461 3837 1462 3840 Ἴ

368 3948 471 4000 Latomr'
483 3948 670 4002 Coraendonoo.
