3034 4908
355 592 386 654 in
398 590 609 674 emphyteusim
620 591 685 657 data
698 590 951 655 fuerunthunnidu
961 590 1080 654 demine
1091 590 1127 654 de
1137 591 1299 654 Wesemael
1310 590 1385 672 ejus·

355 711 411 773 que
425 691 548 773 posteris
562 694 583 753 ¹.
594 695 678 754 hnnu
693 711 761 756 vene
777 695 855 754 1255
868 691 1015 754 Annuidus
1024 691 1126 774 junior
1136 692 1345 756 deWesemaei
1357 702 1386 754 et

356 812 428 854 uxor
441 791 504 874 ejus
522 790 668 854 Eiizabeth
688 791 830 854 dederunt
843 791 940 854 abbati
960 803 989 854 et
1002 792 1158 854 conventui
1178 792 1385 874 'tongerloensi

354 891 402 974 jus
416 903 585 976 patronatus
595 892 780 954 ecclesiarum
797 892 832 953 de
849 891 1010 954 Westenluo
1023 904 1052 954 et
1066 892 1172 967 Oelen,
1186 893 1387 955 consentiente

355 995 482 1078 capitulo
496 993 652 1058 cathedrali
669 993 858 1078 UltnaJ'eetinu
874 995 897 1055 ².

397 1095 546 1156 Praedicta
557 1107 652 1156 autem
668 1094 743 1156 huna
757 1095 792 1155 ad
808 1093 963 1156 canonicus
975 1093 1181 1176 Ultuajectinns
1193 1093 1289 1160 denuo
1301 1093 1386 1158 deuc-

357 1195 418 1257 luta
433 1215 484 1278 peu
497 1208 620 1258 montem
633 1196 753 1258 ioannis
767 1196 802 1258 de
817 1195 976 1258 Wesemael
987 1243 995 1268 ,
1005 1195 1041 1257 ab
1056 1195 1158 1258 iisdem
1172 1215 1249 1256 anno
1263 1199 1342 1257 atas
1357 1196 1386 1257 in

356 1295 567 1378 emphyteusim
578 1295 645 1358 data
656 1295 775 1358 fuerunt
787 1295 931 1358 Richards
944 1295 979 1356 de
989 1296 1105 1357 Meuude
1118 1299 1140 1357 ⁵.
1151 1300 1287 1357 Attamen
1299 1293 1387 1356 abhas

356 1397 579 1478 i'ungeutcensie
603 1397 710 1465 mansit
728 1407 869 1479 mannus
888 1395 1024 1463 eeclesias
1042 1396 1071 1459 S.
1100 1394 1231 1466 uerunt,
1258 1394 1347 1458 titulo
1371 1414 1387 1456 a

359 1499 540 1562 Wesemaliis
555 1497 666 1580 pridem
681 1497 832 1581 acquisito.

715 1680 754 1731 18.
772 1681 910 1732 Pennantt't
929 1681 954 1732 C.
973 1679 1029 1729 150.

398 1824 502 1902 Pacci,
515 1825 618 1886 Poerte
630 1823 674 1887 vel
687 1826 808 1889 Pedertc
822 1823 930 1887 dicitur
943 1822 991 1886 hic
1005 1821 1182 1885 Tanandniac
1195 1841 1287 1905 pagus
1299 1841 1387 1906 pmpe

360 1924 575 1986 Herendalium.

400 2029 463 2086 Dua
477 2023 649 2086 Buabantiae
663 2023 807 2085 henricus
821 2026 832 2084 1
847 2044 893 2085 an.
910 2027 982 2085 {th
1009 2023 1163 2084 conventui
1180 2023 1387 2105 Tungerleensi

359 2125 502 2189 concessit
515 2129 655 2188 allodium
664 2127 768 2186 nobilis
780 2129 841 2186 etri
855 2127 964 2185 domiai
983 2125 1104 2190 Walters·
1117 2126 1150 2186 dc
1161 2125 1296 2196 Ponere,
1310 2128 1387 2187 scili-

357 2239 396 2289 cet
407 2231 522 2290 tertium
535 2228 716 2304 manipulum
727 2227 761 2286 de
773 2228 882 2286 decima
892 2229 984 2302 ipsius
1002 2228 1100 2296 vitiae,
1116 2237 1141 2286 ct
1155 2227 1212 2285 duo
1224 2227 1351 2287 bonaria
1362 2237 1387 2286 ct

357 2331 510 2389 dimidium
527 2339 630 2398 terrae,
648 2337 674 2386 ct
693 2329 750 2386 dnn
770 2327 894 2390 bonaria
913 2335 939 2388 ct
955 2327 1109 2387 dimidium
1130 2327 1241 2403 sylvae,
1259 2344 1335 2407 quae
1356 2325 1385 2386 in

357 2449 446 2490 manu
461 2427 543 2489 ducis
557 2426 706 2509 deportata
719 2436 803 2488 erant
816 2428 840 2488 ⁴.

397 2527 555 2591 Ecclesiam
567 2529 597 2590 S.
610 2527 729 2590 ioannis
749 2525 870 2608 Baptist.
889 2523 1056 2588 conferebat
1076 2523 1236 2608 capitulum
1251 2527 1387 2589 Camera-

360 2651 454 2693 cense.
762 2617 763 2620 ¹

396 2737 437 2794 De
451 2751 515 2794 ven.
527 2731 713 2793 Sacmmeutu
727 2734 759 2792 t'u
773 2732 806 2792 de
820 2729 914 2812 Hcppe
927 2728 991 2790 uide
1005 2749 1106 2812 snpra,
1117 2749 1145 2811 p.
1160 2731 1230 2791 276.

767 2912 807 2964 tt.
826 2914 933 2964 Tanatus
951 2915 976 2964 G.

396 3055 569 3116 Patronatus
583 3052 719 3114 ecciesiae
732 3041 880 3133 spectabat
894 3051 930 3113 ad
949 3051 1117 3133 episcopum
1137 3049 1384 3133 Antverpiensem.

729 3233 768 3283 20.
787 3234 891 3285 Vtentn.
909 3235 934 3284 G.
952 3231 1008 3283 115.
1074 3253 1076 3258 ·

399 3372 540 3442 Ecclesia,
559 3376 591 3433 B.
609 3371 716 3434 Maniae
737 3373 770 3436 V.
791 3391 886 3443 sacua,
906 3391 952 3432 an.
971 3373 1048 3433 1516
1067 3390 1083 3430 a
1102 3368 1235 3462 Gnidoue
1251 3367 1386 3452 episcope

355 3473 556 3538 cameracensi
570 3472 744 3556 transcripta
762 3483 806 3535 est
828 3471 961 3534 abbatiae
974 3470 1191 3535 huerbndiensi.

393 3691 400 3720 ¹
420 3695 488 3757 Apud
499 3693 629 3759 Minaeum,
641 3698 698 3746 tum.
712 3693 735 3760 l,
747 3707 771 3758 p.
781 3691 838 3744 580.

392 3775 403 3804 ¹
421 3777 480 3828 ibid.
493 3794 518 3843 p.
530 3779 586 3829 tea.
724 3770 726 3774 ’

389 3866 401 3895 ⁸
419 3863 478 3915 lbid.
490 3880 515 3930 p.
527 3866 584 3915 118.

390 3950 400 3979 ⁴
417 3951 485 4017 Apud
498 3951 531 4001 Le
542 3954 606 4017 hey,
618 3965 657 4016 op.
670 3948 709 4001 uit.
722 3965 747 4014 p.
756 3950 813 3999 501.
