3034 4908
556 481 707 576 (aar)

119 621 221 698 itaque·
238 629 363 678 sacratas
384 616 491 678 hostias
515 616 647 677 foramini
672 638 720 678 seu
745 618 924 699 receptaculo
945 618 1145 678 cuniculorum

120 719 246 799 imponit
262 729 291 778 et
308 717 468 778 abscondit.
486 719 559 777 Tum
580 717 672 778 iaetus
690 718 764 777 viam
782 719 875 800 carpit
892 730 922 778 et
942 717 1145 778 Herend-aiium

120 819 267 901 pervenit,
289 817 339 878 nbi
359 837 376 879 a
396 816 451 878 loci
473 831 605 899 praetore
627 817 760 878 Gisberto
785 817 821 880 de
834 821 934 900 Paepe
958 817 1054 879 nescio
1078 817 1148 899 quid

120 919 287 990 snboiente,
306 931 356 978 aut
373 919 469 1000 potius
483 917 583 978 divino
604 919 724 979 numine
743 919 784 979 sio
803 918 969 988 ordinante,
989 919 1156 1000 adprehen-

120 1019 211 1080 ditur.
229 1020 286 1093 Qui
307 1032 412 1081 cuncta
431 1017 493 1100 ejus
514 1032 673 1091 scrutatus,
695 1021 817 1082 calicem
836 1041 902 1082 cum
925 1019 1036 1082 ciborio
1059 1039 1158 1081 vacuo·

121 1121 199 1202 apud
215 1121 347 1182 cumdem
364 1121 485 1203 reperit,
500 1134 529 1182 ct
543 1121 666 1182 ulterius
680 1122 906 1201 investigaturus
919 1121 1027 1182 canceri
1045 1121 1149 1192 tradit;

121 1222 246 1283 examini
267 1234 296 1282 et
317 1233 445 1283 torturae
466 1221 628 1303 subjectns,
651 1221 840 1302 sacrilegium
856 1222 1025 1294 comitatum
1048 1222 1097 1282 sed
1115 1219 1158 1282 dc¹

122 1323 226 1384 hostiis
240 1323 321 1385 nihil.
332 1323 460 1384 Tandem
475 1323 665 1393 nihilominus
678 1322 845 1384 confessarii
859 1323 1057 1384 admonitione
1071 1343 1151 1384 oom-

123 1435 263 1506 punctae,
284 1443 373 1505 quum
394 1423 454 1505 jam
475 1423 562 1484 morti
589 1423 771 1505 adjudicatus
796 1423 887 1484 scalas
909 1423 1031 1505 patibuli
1053 1443 1152 1484 ascen

122 1531 224 1600 disset,
242 1549 308 1590 mox
326 1529 428 1610 laqueo
447 1528 686 1608 strangulandus,
705 1528 778 1591 elata
795 1549 865 1590 voce
885 1530 974 1590 totius
996 1528 1036 1588 rei
1054 1540 1151 1610 gestae

122 1630 274 1692 historiam
289 1631 404 1712 pandit,
422 1643 451 1691 et
467 1629 563 1691 locum
584 1629 632 1690 ubi
651 1630 759 1691 hostias
774 1630 994 1692 abscondiderat
1008 1631 1149 1710 designat.

145 1809 152 1822 Ι
164 1757 178 1789 n
201 1731 500 1812 .hddigaturcoutinue
511 1730 597 1792 homo
610 1731 736 1792 nefarius
745 1751 819 1814 equo
831 1731 960 1812 proprio,
972 1743 1002 1791 et
1011 1729 1150 1790 adlocum

123 1832 306 1912 designatum
320 1831 454 1902 trahitur,
468 1843 528 1892 tota
542 1831 640 1913 populi
652 1830 840 1892 multitudine
854 1831 1020 1892 comitante.
1035 1836 1071 1892 tt
1085 1850 1151 1892 ecce

123 1933 227 2012 ingens
237 1946 266 1994 ct
278 1931 456 2013 praeclarum
469 1931 649 1992 miraculum.
661 1931 717 2005 Qui
731 1931 866 1992 foramini
877 1951 926 1992 scu
941 1931 1032 1992 fossae
1044 1930 1153 1992 hostias

2 2029 3 2032 ’
89 2086 91 2090 .
124 2033 318 2114 imposuerat,
338 2031 527 2113 deprehendit
549 2051 614 2092 cum
638 2031 771 2092 universo
794 2030 900 2112 populo
922 2043 1001 2093 extra
1021 2029 1149 2092 foramen

123 2133 177 2194 suh
195 2133 243 2193 dio
262 2133 291 2193 in
310 2133 441 2213 gramine
459 2151 505 2193 eas
522 2145 686 2194 reverenter
702 2132 910 2192 collocatas.;..
930 2133 1004 2192 Octo
1018 2130 1079 2192 dics
1090 2130 1151 2212 jam

124 2234 299 2295 transierant
319 2215 349 2293 et
368 2253 434 2293 cccc
454 2233 487 2292 iu
505 2232 599 2293 media
619 2232 701 2304 nire,
724 2231 835 2314 pinaria,
856 2231 976 2313 aliisque
997 2231 1071 2292 aeris
1088 2245 1150 2293 tum

123 2333 352 2395 inclementioris
365 2333 484 2415 injuriis
495 2337 577 2412 (nam
589 2337 607 2394 t
620 2331 757 2394 februarii
767 2333 816 2394 'res
829 2332 898 2394 haec
913 2331 1052 2412 contigit)
1068 2332 1152 2415 piane

124 2435 239 2496 illaesae
251 2434 476 2515 atquem-tactae
489 2446 558 2495 suut
572 2433 679 2495 ibidem
695 2445 833 2515 repertae.

166 2560 181 2593 u
206 2539 296 2596 Porro
313 2535 455 2617 stupenda
466 2545 566 2614 tantae
580 2533 622 2596 rei
637 2535 765 2596 novitate
777 2535 915 2596 commoti
935 2533 1153 2596 cieras-Hereu-

125 2635 263 2698 daliensis
275 2648 304 2697 et
318 2635 480 2698 Poerlcusis
496 2655 606 2698 sacram
621 2636 696 2697 hauc
709 2656 739 2697 se
753 2637 883 2697 inierunt
901 2635 1103 2717 partitionem,
1119 2647 1152 2696 ut

126 2736 265 2798 nimirum
286 2749 344 2798 tres
357 2736 701 2808 hostiaetlerendalium,
724 2737 802 2798 dnae
813 2756 881 2798 uero
898 2737 927 2797 iu
941 2737 1043 2797 'Pocrie
1059 2735 1154 2798 defer-

126 2851 243 2910 rentur,
268 2837 344 2920 quod
369 2835 709 2919 moxssprocessionalitor
729 2857 794 2898 cum
816 2835 968 2908 eruenta
990 2835 1106 2918 hymnis
1124 2849 1154 2899 et

127 2938 248 3000 canticis
262 2938 408 3020 utrimque
423 2937 478 2999 fuit
493 2937 611 3000 factum.
627 2937 712 3012 Quod
727 2939 762 3000 ad
779 2937 874 3000 furem
886 2959 954 3000 vcro
968 2938 1154 3019 sacrilegum,

127 3041 188 3121 ipsc
203 3041 304 3122 laqueo
319 3060 489 3120 suspensus,
505 3039 626 3100 interiit.

168 3167 183 3198 o
208 3139 318 3221 Agebat
343 3153 412 3202 tuuc
436 3141 466 3201 in
492 3161 557 3202 arce
573 3141 781 3202 Turuhautana·
800 3139 858 3202 dux
880 3153 979 3202 noster
996 3140 1155 3212 Antonius,

128 3241 210 3325 cujus
223 3264 294 3304 uxor
307 3242 483 3314 Elizabetha‚
497 3242 616 3304 loannis
631 3243 892 3322 hamenburgensis
906 3243 988 3305 ducis
999 3241 1072 3313 filia,
1088 3263 1155 3304 mox

119 3345 162 3420 ¹ad
178 3346 273 3407 locum
285 3343 344 3426 jam
356 3344 442 3406 toties
452 3356 645 3406 memoratum
658 3349 692 3406 de
707 3345 800 3425 Hcppe
810 3344 987 3415 convolavit,
1001 3341 1155 3405 adoratura

129 3450 217 3506 Deum
240 3465 335 3506 suum.
355 3444 443 3526 Cujus
464 3444 626 3525 exemplum
648 3445 765 3526 piurimi
790 3445 892 3506 exinde
913 3444 1032 3515 imitati,
1052 3442 1153 3504 codem

128 3546 257 3629 quotidie
278 3545 463 3608 confluebant
483 3546 632 3626 religionis
653 3559 681 3606 ct
703 3543 761 3607 voti
784 3566 868 3607 causa
892 3557 943 3606 :et
962 3545 1102 3608 continuo
1123 3544 1153 3606 in

129 3659 225 3708 tantae
239 3645 280 3707 rei
296 3647 466 3706 memoriam
481 3666 513 3707 ac
528 3644 666 3707 honorem
685 3649 755 3707 Veu.
775 3647 953 3708 Sacrameuti
974 3643 1081 3726 capella
1100 3644 1156 3705 ihi·

129 3746 193 3809 dem
209 3759 337 3809 extructa
349 3759 401 3808 est.

171 3873 185 3905 o
209 3848 347 3922 Quamvis
369 3849 462 3921 enim,
482 3848 562 3910 addit
579 3847 762 3920 Wichmaus,
780 3847 876 3908 divina
893 3846 942 3908 ilia
959 3847 1155 3930 pignoratam

130 3949 192 4020 hio,
213 3969 299 4031 quam
323 3947 487 4010 Herendalii
511 3947 753 4010 iconoclastorum
779 3947 856 4009 rabie
878 3947 1031 4029 perierint,
1055 3946 1156 4023 turbu.-
