2990 4918
796 478 944 576 (ror)

353 611 562 696 mitia‚·ihique
576 612 701 696 henigne
716 615 752 676 ab
772 615 945 698 imperatore
961 617 1114 680 Francisco
1132 622 1155 680 ll
1169 618 1320 702 excipitur.
1331 619 1379 682 Die

352 717 392 777 23
406 714 535 797 ejusdem
557 716 664 778 mensis
678 717 844 798 imperator,
862 731 1010 802 postquam
1027 740 1092 780 cum
1113 720 1227 782 duobus
1245 720 1379 783 iratribus

352 816 455 878 Carolo
475 837 508 878 ac
521 816 644 899 losepho
660 818 840 899 principibus
855 821 1090 882 communionem
1107 821 1268 903 paschalem
1283 843 1379 904 sump-

352 916 449 990 sisset,
473 917 614 980 Bruxcllis
634 919 757 981 solemni
774 919 830 981 ritu
850 919 907 980 dux
926 920 1096 983 Brahantiae
1116 922 1307 1003 inauguratus
1326 937 1378 993 est,

352 1017 499 1100 legesque.
521 1020 746 1082 constitutiones
760 1033 789 1081 et
808 1020 957 1102 privilegia
973 1022 1126 1102 Belgarum
1140 1044 1201 1085 sese
1215 1024 1378 1086 observatu·

353 1139 417 1180 rum
433 1140 465 1180 ac
487 1120 671 1182 defensurum
688 1120 806 1202 juravit.
833 1122 900 1182 Fuit
918 1135 1014 1183 autem
1039 1123 1117 1185 hisce
1137 1123 1239 1186 diebus
1260 1123 1291 1185 in
1313 1127 1378 1185 Bra·

352 1219 467 1282 bantiae
483 1222 636 1304 metropoli
652 1223 793 1284 maximus
804 1224 902 1305 populi
919 1243 1089 1296 concursus
1107 1245 1141 1286 ac
1155 1225 1259 1306 ingens
1273 1225 1378 1288 laetitia

352 1335 524 1385 cunctorum
540 1324 653 1385 animos
667 1337 807 1406 coeperat.
825 1361 863 1372 -
876 1329 950 1387 Acta
960 1331 1138 1404 episcopatus
1153 1332 1174 1388 ¹.

393 1430 405 1485 l
420 1425 511 1503 junii.
533 1427 692 1506 lnrperator
710 1425 857 1486 civitatem
870 1425 1106 1507 hntrerpicnsom
1125 1425 1257 1488 clanculo
1271 1427 1378 1507 ingres·

352 1546 413 1598 sus,
429 1525 546 1606 agnitus
570 1538 665 1586 tarnen
690 1525 725 1586 ad
743 1540 855 1607 portas,
871 1530 963 1588 multa
986 1527 1093 1588 civium
1114 1528 1321 1589 acclamatione
1334 1549 1378 1589 er-

352 1641 454 1710 ceptus
474 1627 538 1689 luit.
561 1630 630 1689 Post
652 1628 806 1709 prandium
826 1628 861 1688 ad
884 1628 1030 1689 basilicam
1047 1649 1078 1689 se
1098 1629 1236 1700 contulit,
1259 1628 1326 1690 inde
1344 1629 1378 1690 ad

352 1750 466 1802 arcem,
482 1740 543 1789 tum
558 1728 594 1789 ad
608 1728 757 1789 ecclesiam
776 1728 982 1802 cathedralem,
996 1728 1045 1791 obi
1069 1750 1119 1810 per
1139 1728 1312 1811 capitulum,
1332 1728 1378 1790 ab·

352 1843 433 1892 sente
447 1830 597 1912 episcopo,
616 1829 651 1890 ad
673 1829 793 1890 chorum
809 1830 992 1892 introductus
1014 1831 1085 1901 suit,
1100 1843 1129 1892 et
1143 1843 1259 1893 cantato
1273 1831 1379 1913 hymno

355 1936 391 1997 Tc
407 1936 509 2002 Drum,
524 1931 652 2014 picturas
667 1943 695 1992 et
709 1931 764 1992 alia
780 1931 903 2013 pretiosa
918 1953 1047 2014 quaeque
1061 1931 1196 1994 visitavit.
1208 1969 1246 1979 -
1258 1934 1330 1994 ibid.

394 2033 488 2094 laetis
502 2031 595 2094 initiis
612 2045 766 2114 tempestas
783 2034 940 2116 asperrima
958 2032 1093 2095 instabat.
1109 2035 1206 2108 Quum
1229 2035 1306 2095 enim
1322 2055 1378 2095 res·

352 2133 466 2216 publica
486 2133 632 2196 Gallicana
648 2133 778 2214 Belgium
795 2133 896 2216 majori
916 2154 1001 2216 quam
1020 2147 1104 2195 antea
1122 2137 1231 2217 impetu
1247 2135 1380 2196 invadere

352 2256 413 2297 sese
428 2247 555 2318 pararet,
573 2235 665 2314 Belpii
685 2236 828 2317 praesules
846 2236 973 2297 hostiurn
994 2234 1116 2296 istorum
1135 2235 1334 2297 exacerbatum
1350 2236 1379 2296 in

351 2337 483 2398 ordinem
505 2336 730 2400 ecclesiasticum
753 2337 882 2398 animum
900 2350 1075 2409 metuentes,
1093 2336 1161 2418 luga
1175 2337 1261 2400 saluti
1277 2357 1379 2400 consu·

351 2436 410 2499 lere
423 2436 594 2498 debuerunt.

392 2541 431 2600 23
453 2539 543 2618 junii.
573 2537 732 2621 Episcopus
761 2536 886 2599 Nelisius
914 2538 988 2599 hanc
1015 2536 1230 2598 ordinationem
1260 2535 1378 2598 edidit:

354 2663 368 2696 u
393 2640 489 2713 Quum
510 2639 624 2720 saepius
645 2639 801 2721 multisque
821 2638 968 2700 decausis
989 2637 1154 2699 consultum
1174 2637 1258 2698 nohis
1278 2637 1379 2710 fuerit,

352 2751 384 2801 ut
399 2760 435 2801 ne
449 2740 528 2803 hisce
540 2754 702 2822 temporum
714 2739 927 2801 calamitatibus
940 2739 969 2800 in
986 2738 1102 2801 civitate
1113 2750 1212 2800 nostra
1226 2739 1380 2822 episcopali

352 2862 546 2913 moraremur,
566 2862 619 2902 nos
641 2841 932 2923 prudentissimorum
954 2840 1083 2901 virorum
1108 2840 1238 2902 consiliis
1261 2839 1380 2901 obsecu-

243 2963 244 2968 ’
317 2981 319 2984 -
351 2942 426 3013 turi,
451 2942 576 3025 nequid
600 2963 681 3014 oves,
698 2962 770 3024 quae
790 2941 873 3004 nohis
896 2941 1067 3003 commissae
1089 2954 1174 3013 sunt,
1198 2963 1231 3003 ex
1252 2939 1381 3002 absentia

351 3059 450 3107 nostra
470 3044 636 3107 detrimenti
659 3045 814 3127 patiantur,
837 3044 988 3126 designare
1005 3043 1161 3105 statuimus
1195 3041 1281 3104 sicuti
1306 3042 1380 3104 desi-

351 3167 474 3228 gnamus
496 3168 547 3228 per
565 3158 747 3228 praesentes,
763 3146 874 3229 aliquos
893 3146 1015 3207 vicarios
1036 3091 1184 3225 generalel
1198 3144 1275 3206 inlra
1289 3144 1381 3206 nomi·

351 3249 476 3322 nandos,
492 3247 597 3331 quibus
610 3269 663 3330 per
676 3259 764 3310 totam
780 3247 932 3309 dioecesim
949 3258 1118 3308 nostramet
1133 3245 1379 3306 Bosccducensem

350 3349 380 3410 iu
397 3349 527 3431 partibus
544 3348 693 3410 catholicis
715 3360 884 3430 potestatem
906 3360 934 3410 et
953 3346 1119 3409 facultatem
1141 3367 1257 3408 omnem
1277 3346 1380 3408 tribui-

351 3471 430 3523 mus,
445 3471 530 3533 quam
553 3443 670 3532 ipsimet
684 3450 837 3521 hahemus,
858 3470 909 3530 pro
929 3449 991 3511 loro
1013 3449 1128 3511 interno
1144 3448 1339 3510 conscientiae
1352 3459 1381 3510 et

350 3565 470 3613 externo
484 3572 599 3637 quoque
612 3552 641 3613 in
658 3572 688 3613 re
702 3550 908 3613 matrimoniali
922 3563 950 3611 et
961 3551 1038 3622 aliis,
1056 3562 1172 3632 excepta
1192 3562 1305 3611 tantum
1319 3571 1380 3612 sus·

350 3653 488 3736 pensione
504 3673 589 3735 quam
609 3653 725 3735 ipsimet
738 3651 902 3714 infleximus
916 3652 976 3713 sive
989 3652 1023 3714 ad
1041 3636 1162 3734 poenam
1177 3651 1237 3712 sive
1257 3651 1293 3713 ad
1313 3673 1378 3713 cau·

383 3825 390 3853 ¹
411 3823 547 3890 Registrum
564 3833 700 3873 actoruma
716 3839 797 3872 mense
813 3822 883 3887 aprili
897 3823 955 3873 anni
969 3826 1031 3874 1794
1046 3840 1122 3890 usque
1134 3823 1164 3873 ad
1177 3822 1241 3873 diem
1252 3826 1284 3871 Ἠ
1298 3821 1378 3888 aprilis

352 3910 427 3974 1800,
442 3909 606 3973 conscriptum
622 3908 653 3959 ab
672 3908 776 3973 episcopi
794 3909 923 3959 secretario
942 3910 1046 3960 Antonio
1063 3912 1171 3976 Oomen,
1187 3908 1291 3973 plurima
1311 3906 1377 3958 nobis

348 3995 471 4061 hucusque
484 4010 570 4060 parum
583 4001 641 4045 nota
652 3995 796 4045 documenta
809 3993 1005 4046 subministravit.

1491 2237 1492 2308 ,

1489 2689 1491 2776 t

1488 3241 1490 3366 l

1487 3387 1489 3454 l
