3012 4912
622 515 668 588 at

127 651 233 716 annuis
243 649 441 736 pensionibus.
452 649 569 715 Nobiles
580 517 733 736 guoqueit
744 649 850 734 plebei,
861 649 1080 715 lutheranorum
1090 653 1161 716 alia-

126 774 249 836 rumque
267 765 412 815 sectarum
436 753 624 816 contentione
642 754 678 816 ad
700 752 851 815 rebellium
871 753 1027 826 concitati,
1046 753 1163 817 aiebant

128 854 304 917 erectionem
329 853 409 915 illam
436 873 498 915 esse
515 865 616 915 contra
642 854 791 916 libertates
811 862 840 914 et
861 852 1012 935 privilegia
1032 855 1160 936 patriae,

127 955 206 1039 quod
220 955 275 1018 sub
290 938 378 1038 pallio
396 955 552 1017 erectionis
567 956 786 1039 episcopatuum
801 953 903 1017 lateret
922 955 1100 1018 introductio
1118 957 1163 1017 in-

126 1055 296 1139 quisitionis
316 1055 490 1139 hispanicae.
511 1059 683 1119 Innumerae
704 1069 774 1138 ‘ergo
793 1054 829 1118 ad
853 1055 949 1118 aulam
968 1056 1080 1120 delatae
1093 1068 1178 1119 sunt.

2 1169 3 1180 ¹
126 1157 343 1241 querimoniae,
358 1169 445 1240 atque
458 1157 499 1220 ita
514 1157 622 1220 lactum
636 1171 695 1229 est,
708 1169 742 1220 ut
754 1158 947 1241 quorumdam
960 1158 1161 1242 episcoporum

126 1259 268 1322 admissio
283 1260 314 1321 in
336 1258 415 1321 aliud
427 1269 543 1341 tempus
559 1257 648 1320 dilata
663 1259 760 1320 luerit.
775 1259 999 1342 antverpienses
1015 1259 1046 1322 in
1061 1260 1164 1342 primis

126 1373 160 1423 et
174 1361 305 1442 religiosi
322 1359 454 1422 abbatiae
467 1362 497 1423 S.
516 1359 654 1422 Bernardi
668 1377 785 1423 omnem
806 1372 959 1421 moverunt
980 1358 1107 1442 lapidem
1127 1360 1164 1422 ad

127 1460 343 1544 impediendam
371 1461 576 1524 admissionem
601 1473 630 1522 et
657 1460 837 1524 dotationem
864 1459 909 1522 sui
938 1461 1076 1543 episcopi.
1104 1459 1163 1522 Glr.

127 1564 313 1635 Diercxsens‚
329 1582 377 1644 op.
391 1563 440 1624 cit.
456 1573 478 1624 t.
493 1565 529 1625 tv
540 1583 567 1645 p.
583 1564 643 1627 ate
657 1573 687 1626 61
699 1581 777 1646 seqq.
792 1563 873 1636 Quae
884 1562 942 1625 huc
956 1573 1088 1645 spectant
1101 1581 1165 1623 mo-

126 1675 270 1726 numenta
284 1664 315 1725 in
329 1663 387 1725 alio
400 1663 539 1745 descripsi
551 1663 665 1736 codice,
677 1662 757 1726 brevi
770 1663 847 1746 typis
856 1659 983 1737 66611116,
995 1664 1079 1747 cujus
1094 1665 1164 1725 titu-

127 1767 179 1828 lus
192 1779 236 1829 est
255 1788 262 1828 :
276 1768 396 1848 Reqeuu
409 1767 809 1847 ebronoloqt'eodt'plometieu
822 1768 856 1826 de
876 1770 1011 1828 erectione
1024 1785 1165 1828 cocorum

126 1873 345 1946 episcopatuum
356 1872 389 1929 t'u
402 1869 503 1948 Belqt'o
515 1887 589 1928 suec.
603 1869 635 1929 X
637 1869 684 1929 VI.

173 1969 265 2038 1565,
275 1969 415 2045 junuarii
428 1970 458 2029 1.
471 1964 578 2028 Paulus
588 1967 634 2038 tv,
649 1965 778 2046 generali
793 1965 872 2027 bulla
886 1985 934 2026 an.
950 1967 1039 2038 1559,
1051 1964 1101 2047 jus
1114 1983 1167 2024 no-

129 2067 264 2130 minandi
278 2067 314 2129 ad
332 2068 514 2150 episcopatus
531 2067 676 2129 concessit
692 2067 828 2150 Philippo
842 2066 905 2148 regi
920 2065 1040 2150 ejusque
1053 2085 1167 2128 succes-

129 2168 259 2240 soribus,
275 2166 369 2230 tribus
383 2167 510 2250 exceptis
530 2165 662 2239 sedibus,
680 2166 792 2230 scilicet
809 2166 1024 2238 cameracensi,
1047 2164 1165 2228 11661111-

130 2267 227 2330 niensi
237 2279 268 2329 61
282 2267 499 2350 antverpiensi,
513 2287 585 2350 quas
598 2265 654 2329 sibi
664 2267 797 2350 pontifex
811 2266 977 2330 reservavit.
988 2270 1073 2328 Anno
1087 2269 1166 2329 1560

131 2371 242 2431 Romae
261 2380 359 2431 actum
375 2380 436 2441 est,
450 2380 483 2431 ut
495 2387 594 2430 earum
609 2368 772 2431 nominatio
785 2370 875 2432 etiam
890 2368 952 2451 regi
966 2368 1092 2432 daretur.
1106 2371 1167 2430 Α11-

132 2470 199 2532 nuit
212 2469 295 2532 Pauli
306 2473 342 2531 lV
353 2489 500 2532 successor
512 2469 582 2532 Pius
595 2472 642 2541 lV,
653 2482 682 2532 et
697 2491 764 2534 mox
774 2492 824 2534 rex
837 2491 891 2555 pro
903 2471 1028 2552 singulis
1038 2470 1168 2533 ecclesiis

130 2569 284 2653 episcopos
307 2569 485 2643 nominavit,
507 2568 675 2653 etquidem
699 2590 753 2653 pro
772 2571 940 2655 episcopatu
965 2569 1167 2652 antuerpiensi

1 2647 2 2670 ³
132 2670 301 2756 Philippum
320 2670 419 2753 Nigri,
439 2670 789 2747 blesiso-boloniensem,
808 2672 885 2756 juris
902 2673 1054 2755 utriusque
1067 2670 1170 2734 docto·

132 2790 214 2845 rem,
237 2771 268 2833 in
288 2772 433 2833 sanctiore
452 2771 577 2834 concilio
602 2782 765 2834 senatorem
789 2772 1033 2846 ecclesiasticum,
1057 2771 1170 2834 ordinis

132 2872 221 2934 Aurei
244 2871 367 2934 velleris
388 2870 609 2944 cancellarium,
632 2872 770 2936 ecelesiae
787 2876 816 2935 S.
834 2873 956 2936 Gudilae
976 2872 1170 2935 Bruxeliensis

132 2971 362 3042 decanum,nec
380 2991 439 3032 non
457 2971 654 3054 praepositum
675 2973 711 3034 ad
729 2975 758 3034 S.
775 2973 953 3036 Salvatorem
974 2972 1125 3036 Harlebaci
1139 2988 1169 3036 et

133 3070 168 3133 ad
183 3073 212 3134 S.
228 3071 412 3134 Pharaildem
425 3072 563 3135 (landari.
579 3071 650 3140 Sed,
664 3074 746 3156 quasi
762 3095 876 3136 sacrum
891 3074 1065 3136 detrectaret
1078 3091 1167 3143 onus,

1 3183 2 3254 ἶ
132 3186 202 3236 ante
214 3173 362 3236 extinctus
373 3186 418 3236 est
429 3193 515 3258 quam
528 3174 732 3257 inauguratus,
744 3196 849 3259 nempe
863 3177 911 3239 dle
920 3180 940 3238 1
948 3174 1076 3259 januarii
1088 3175 1167 3236 teda

1 3333 2 3370 ,
133 3277 211 3360 stylo
229 3276 417 3350 Brabantiae,
436 3279 492 3341 boc
512 3290 556 3341 est
575 3297 654 3342 anno
674 3281 753 3342 1565
771 3280 845 3364 stylo
867 3301 951 3342 noro.
970 3278 1034 3341 Vid.
1054 3275 1168 3340 Vende

134 3378 238 3451 verde,
254 3380 380 3458 Sycopt.
394 3393 554 3443 moueret.
568 3383 605 3441 lll
619 3401 647 3462 p.
663 3385 731 3443 711.

174 3478 320 3542 Dolonem
330 3479 466 3564 Pbilippo
478 3480 575 3562 Nigri,
589 3481 667 3564 apud
677 3481 904 3564 Antverpienses
916 3481 990 3544 nibil
1002 3499 1060 3544 non
1075 3490 1169 3542 tente-

133 3592 197 3642 tum
217 3580 290 3654 luit,
309 3593 342 3644 ut
359 3581 493 3646 abbatiae
505 3586 534 3646 S.
555 3582 695 3646 Bernardi
709 3583 907 3666 incorporatio
922 3584 967 3646 161
987 3584 1169 3668 episcopatus

133 3701 249 3765 quoque
271 3683 379 3745 erectio
398 3696 582 3747 revocaretur
597 3684 643 3747 vel
663 3683 902 3767 supprimeretur.
920 3689 1117 3747 decreverunt
1136 3701 1169 3743 ea

133 3793 308 3866 tempestate
327 3785 472 3848 tumultus
492 3785 600 3850 ciuiles.
622 3789 724 3848 llorret
745 3785 861 3848 animus
878 3786 977 3868 legere
994 3785 1039 3849 vel
1056 3783 1169 3864 recogi·

134 3895 214 3956 tare,
228 3884 299 3967 quid
314 3905 392 3948 anno
410 3889 489 3950 1566
509 3887 555 3949 die
569 3889 610 3948 10
628 3886 743 3968 augusti
758 3907 809 3968 per
827 3888 964 3950 sectarios
980 3897 1010 3950 et
1023 3886 1170 3948 iconoma-

136 3981 207 4045 clros
227 3984 367 4066 sacrilege
382 3998 411 4049 et
429 3987 585 4050 crudeliter
603 3997 751 4067 peractum
769 3985 825 4048 luit
839 3988 1013 4070 Antverpiae
1028 3986 1060 4050 in
1074 3983 1170 4047 catha
