3012 4912
358 621 492 707 regnami
513 635 542 688 et
559 621 663 687 deinde
680 623 767 710 hujus
784 626 911 690 nominis
930 627 965 690 Vl
987 623 1183 691 Romanorum
1197 625 1378 714 imperatori,

357 728 502 797 innotuit,
516 725 586 790 adeo
606 739 639 790 ut
659 749 709 811 per
724 726 822 791 literas
843 728 1002 792 barcinone
1015 729 1096 792 datas
1110 751 1155 793 au.
1173 735 1251 794 1707
1270 731 1306 794 ad
1320 735 1380 816 epi-

356 840 505 912 scopatum
514 829 749 910 Autverpiensom
761 832 968 892 nominaretur.
983 830 1053 902 Sed,
1065 831 1188 894 turbatis
1201 832 1293 914 Belgii
1308 839 1380 898 Aus-

356 930 440 992 triaci
457 928 557 1002 rebus,
573 931 689 993 nonnisi
703 933 893 1013 quadriennio
910 933 1002 996 serius
1018 933 1179 995 nominatio
1193 933 1251 995 rim
1270 934 1379 998 babuit.

356 1033 481 1112 Tempus
493 1031 619 1094 medium
632 1033 816 1106 rumusculis,
834 1047 866 1096 ut
879 1035 926 1105 lit,
941 1033 1097 1097 obnoxium
1112 1034 1181 1107 iuit3
1201 1057 1273 1118 quos
1288 1037 1380 1101 Siers·

356 1133 483 1204 toribus,
496 1133 681 1217 Antverpiam
696 1134 863 1207 adveniens,
876 1136 914 1197 ita
927 1136 1023 1198 subito
1037 1137 1184 1208 discussit,
1200 1149 1232 1199 ut
1245 1136 1306 1221 jam
1322 1161 1379 1203 noo

356 1257 390 1298 ex
399 1235 552 1300 Germania
565 1235 614 1296 scd
629 1255 661 1296 ex
676 1237 738 1318 ipso
753 1235 852 1318 Belgio
866 1237 993 1300 delectus
1008 1239 1120 1320 praesul
1134 1238 1289 1301 videretur.

398 1339 494 1420 ltaque
505 1356 521 1396 a
532 1335 677 1397 Clemente
687 1339 733 1408 Xl,
745 1335 791 1398 die
804 1341 842 1399 ld
849 1336 975 1419 januarii
988 1342 1076 1409 llll,
1088 1341 1196 1401 Romae
1206 1353 1273 1402 cum
1286 1341 1380 1424 elogio

357 1449 521 1521 promotus,
540 1435 587 1498 die
610 1441 649 1500 50
672 1437 843 1519 septembris
864 1438 1005 1521 placetum
1030 1443 1076 1520 (ut
1098 1442 1216 1521 uocant)
1235 1440 1378 1506 bullarum

356 1539 578 1623 apostolicarum
603 1559 618 1600 a
641 1558 776 1621 supremo
802 1540 971 1603 Brabantiac
993 1554 1093 1604 senatu
1118 1541 1261 1615 obtinuit,
1284 1556 1314 1606 et
1335 1544 1381 1608 dic

357 1645 377 1704 ὅ
397 1639 524 1702 octobris
544 1641 750 1722 possessionem
772 1642 951 1724 episcopatus
972 1644 1082 1726 accepit
1100 1664 1150 1726 per
1165 1655 1380 1725 procuratorem

357 1742 491 1804 Carolum
514 1744 535 1801 F
537 1742 698 1802 ranciscum
720 1745 793 1824 Faye
814 1742 849 1803 dc
873 1743 1029 1815 Wemmel,
1051 1744 1187 1806 ecclesiae
1210 1745 1382 1809 cathedralis

358 1844 507 1906 decanum.
518 1843 728 1905 Coloniacvero
740 1847 779 1906 ⁶25
790 1843 916 1925 ejusdem
929 1845 1036 1907 mensis
1048 1845 1212 1907 charactere
1226 1847 1382 1931 episcopali

357 1944 514 2026 insignitus
528 1956 571 2005 est
583 1964 599 2005 a
612 1947 722 2006 Joaune
735 1946 863 2027 Baptista
882 1946 997 2014 Bussio,
1018 1945 1233 2029 archiepiscopo
1255 1948 1383 2010 Anconi-

358 2059 437 2120 tano,
451 2059 521 2109 tunc
530 2046 565 2107 ad
575 2049 711 2107 Tractum
721 2047 814 2108 llbeni
827 2047 934 2108 nuncio
944 2046 1102 2129 apostolico
1113 2060 1142 2108 et
1153 2047 1257 2110 deiude
1266 2049 1295 2110 S.
1304 2052 1339 2112 R.
1350 2053 1383 2113 E.

356 2148 513 2221 cardinale3
526 2147 611 2230 paulo
624 2159 697 2229 post,
713 2147 759 2209 die
770 2147 880 2210 scilicet
895 2151 931 2210 ld
946 2149 1118 2221 decembris,
1130 2150 1303 2233 dntverpiac
1314 2173 1383 2215 cum

359 2250 460 2314 iestivo
473 2249 610 2332 applausu
626 2262 761 2331 exceptus
775 2263 827 2311 est.

398 2352 529 2423 Praesul,
548 2372 607 2412 non
621 2371 740 2434 corpore
754 2352 846 2414 solum
859 2350 908 2413 sed
923 2364 951 2414 et
965 2353 1203 2434 magnanimitate
1218 2366 1385 2435 praestans,

358 2473 425 2515 mox
451 2451 581 2513 omnium
605 2452 717 2512 animos
743 2451 798 2512 sibi
823 2451 986 2513 obstrinxit.
1015 2452 1192 2536 Episcopalis
1218 2452 1387 2520 sollicitudo

358 2553 430 2616 nibil
443 2553 519 2636 apud
532 2553 614 2615 illum
625 2553 780 2614 substraxit
792 2575 876 2616 curae
889 2575 939 2636 pro
952 2554 1112 2637 republica,
1123 2575 1209 2638 quam
1221 2556 1306 2618 talem
1319 2577 1385 2638 ges·

357 2655 408 2726 sit,
425 2667 456 2716 ut
476 2654 511 2715 ab
532 2653 691 2716 Ordinibus
711 2654 879 2716 Brabantiac
900 2676 1043 2716 summam
1058 2656 1298 2718 existimationem
1319 2679 1387 2740 pro-

359 2755 504 2817 meruerit.
525 2754 568 2816 ab
589 2755 689 2816 iisdem
711 2767 844 2836 rogatus,
867 2769 952 2838 caput
973 2755 1029 2818 init
1048 2757 1202 2838 legationis
1222 2777 1296 2840 quae
1316 2779 1386 2822 cum

357 2856 491 2939 episcopo
510 2855 704 2927 Gandavcnsi,
726 2855 834 2917 Erardo
856 2856 968 2917 Vander
985 2859 1072 2930 Noot,
1087 2858 1209 2941 aliisque
1223 2859 1387 2940 provincia-

358 2978 423 3020 rum
434 2957 613 3026 Brabantiae,
624 2957 775 3019 Flandriae
785 2970 814 3019 et
824 2957 1016 3040 Lymburgiae
1026 2959 1170 3042 deputatis
1181 2960 1301 3023 ineunte
1309 2981 1387 3026 anno

361 3059 584 3121 trtuViennam
598 3058 633 3119 ad
644 3061 792 3121 Caesarem
806 3058 984 3122 Caroluml'l
994 3061 1081 3122 missa
1097 3061 1152 3122 luit
1163 3065 1213 3139 (l).
1227 3063 1387 3142 legatione

359 3160 482 3222 feliciter
491 3160 713 3243 impleta,cruce
724 3181 808 3223 aurea
821 3163 943 3242 gemmis
953 3175 1055 3225 oruata
1065 3163 1100 3224 ab
1111 3165 1284 3246 imperatore
1295 3165 1387 3227 dona-

359 3277 416 3335 tus,
427 3263 613 3345 mensejunio
624 3263 808 3345 Autrerpiam
821 3264 985 3337 revertitur;
999 3265 1047 3326 sed
1061 3264 1146 3348 paulo
1159 3263 1388 3347 post,0rdinum

360 3364 530 3428 Brabantiac
543 3364 648 3427 iterum
660 3364 824 3446 deputatus,
837 3367 947 3445 Hagam
957 3366 1078 3428 Comitis
1089 3366 1192 3438 adivit,
1208 3378 1240 3427 ut
1252 3365 1287 3427 de
1299 3367 1389 3430 robus

359 3465 468 3548 patriae
478 3485 574 3527 coram
586 3465 808 3526 Foederatorum
819 3465 1034 3528 provinciarum
1045 3467 1175 3529 Statibus
1184 3468 1389 3548 ageretintar·

358 3566 491 3629 veniente
501 3565 667 3628 marchione
681 3565 716 3627 dc
729 3567 809 3638 Prie,
823 3571 975 3628 Caesareae
990 3567 1147 3650 Maiestatis
1159 3567 1263 3648 legato.

398 3668 559 3730 Seminario
580 3667 748 3750 episcopali,
769 3687 819 3750 per
839 3668 977 3730 llliraeum
999 3682 1094 3732 erecto
1114 3690 1146 3731 ac
1168 3668 1390 3732 fundationibus

391 3859 426 3923 (1)
442 3858 500 3908 Vide
516 3857 616 3908 loannis
634 3859 730 3908 Vandcr
746 3858 831 3924 styps,
845 3873 887 3908 seu
904 3857 1029 3928 Vmelppe,
1047 3860 1165 3940 scriptum
1176 3874 1253 3924 nuper
1267 3859 1388 3912 edituma

358 3945 423 3998 lulio
434 3947 463 3996 de
475 3945 641 3998 saint-Genois
653 3966 658 3996 ι
671 3947 786 3998 Journal
801 3939 851 4009 osta
867 3949 1027 4012 doprept'ster
1044 3964 1098 3999 aron
1113 3963 1176 3999 onze
1189 3963 1265 4013 repre
1279 3963 1348 4000 noer
1359 3951 1390 4001 da

361 4034 507 4100 leyacrlplrc
518 4036 576 4086 atad
587 4048 642 4086 oco
656 4033 770 4087 Weroen
780 4035 890 4097 terrjerc
903 4036 974 4086 1716.
