2990 4918
322 606 398 670 bello
416 606 557 690 supplice,
572 607 695 669 alterurn
711 607 769 670 illis
786 608 869 670 ollert
883 609 1029 670 Antonius
1042 612 1168 680 Oomeu,
1191 621 1224 672 ut
1241 609 1347 692 episco-

321 728 390 792 pum
405 708 562 789 ecatalogo
574 713 777 789 rmtpranttam
790 709 984 772 eliminarent.
995 744 1033 756 --
1047 711 1121 772 Aeto
1131 715 1215 790 episc.
1230 712 1280 790 fol.
1293 715 1347 772 lib

320 821 345 872 et
358 811 408 890 sol.
424 831 450 872 o.
469 812 537 872 tto.
552 809 604 872 Die
618 813 637 873 6
651 810 768 894 augrrsti
782 829 888 873 nomen
910 810 1037 894 episcopi
1053 811 1214 893 provisoris
1227 831 1350 896 expunc-

321 922 382 972 tum
399 910 455 973 luit
469 930 504 971 ex
518 910 574 972 isto
588 911 730 992 catalogo.
746 914 819 974 Ibid.
834 914 884 992 fot.
901 915 960 976 tae
975 915 998 972 ¹.

361 1014 401 1076 29
420 1013 543 1092 ejusdcm
566 1016 679 1076 mensis.
704 1014 860 1096 Postquam
882 1033 927 1074 res
951 1012 987 1074 de
1009 1013 1137 1074 facienda
1158 1013 1350 1076 declaratione

320 1112 502 1176 obedientiae
519 1111 632 1194 legibus
653 1113 827 1198 reipublicae
845 1134 880 1176 eo
899 1113 1021 1176 deducta
1038 1125 1129 1186 esset,
1150 1126 1182 1176 ut
1201 1114 1318 1177 Parisiis
1334 1134 1349 1175 a

320 1215 444 1278 coneilio
458 1214 547 1296 uulgo
566 1218 614 1278 des
636 1215 710 1296 Cinq
726 1215 809 1280 Cento
822 1216 1026 1278 decerneretur
1039 1215 1164 1299 aliquam
1179 1237 1196 1279 a
1210 1216 1351 1279 ministris

321 1315 471 1398 religionis
493 1316 717 1380 declarationem
739 1317 907 1400 exigendam
931 1338 1006 1389 esse,
1027 1339 1060 1380 eo
1086 1332 1157 1382 tunc
1178 1319 1348 1382 vicariorum

320 1418 500 1501 generalium
513 1430 637 1480 conates
650 1419 868 1502 dirigebantur,
884 1431 916 1481 ut
931 1419 1121 1502 impedirent,
1143 1440 1180 1481 ne
1193 1420 1348 1483 concilium

319 1521 473 1584 seniorum
488 1523 530 1597 (le
551 1524 655 1582 enatent
674 1524 723 1583 dea
743 1525 874 1601 ondens)
893 1521 1000 1584 dietam
1020 1521 1225 1584 resolutionem
1246 1543 1349 1606 appro-

320 1621 417 1693 baret,
437 1621 481 1684 vel
496 1621 599 1684 saltem
613 1621 680 1683 talis
694 1621 895 1706 conciperetur
907 1623 1109 1686 declarationis
1124 1622 1266 1697 formula,
1279 1644 1349 1708 quae

320 1736 384 1787 tuta
398 1725 573 1787 conscientia
587 1724 701 1786 admitti
717 1737 822 1807 posset.
837 1725 960 1787 Plurimi
975 1747 990 1787 e
1004 1725 1219 1807 legislatoribus
1233 1747 1350 1809 rogave-

321 1839 402 1900 rant,
423 1838 456 1888 nt
476 1827 649 1889 dioecesium
673 1839 838 1888 nostrarum
862 1827 1057 1890 moderatores
1078 1829 1164 1891 talem
1180 1828 1348 1902 formulam,

321 1928 436 1992 decreto
450 1928 565 2010 publico
580 1927 768 2000 firmandam,
784 1927 909 1991 Parisios
923 1928 1163 1993 transmitterent.

360 2029 467 2092 Vicarii
486 2030 633 2112 generales
651 2030 756 2092 intem
776 2029 858 2112 gravi
872 2031 990 2112 negotio
1008 2043 1173 2093 statuerunt
1194 2051 1350 2094 convocare

322 2132 490 2214 praecipuos
509 2131 545 2194 de
568 2132 659 2202 clero,
684 2143 718 2192 ut
740 2130 888 2193 communi
910 2131 1032 2194 oonsilio
1057 2132 1261 2195 decerneretur
1281 2132 1350 2214 quid

322 2233 502 2306 laciendum,
522 2233 590 2317 quid
610 2233 804 2295 omittendum
826 2232 909 2294 toret.
927 2232 1099 2294 ‘limendum
1120 2233 1200 2295 enim
1217 2244 1294 2305 erat,
1316 2252 1353 2294 ne

322 2353 489 2416 pernoram
505 2346 534 2396 et
549 2334 623 2395 sorte
637 2332 787 2395 subdolam
803 2332 1005 2414 declarationis
1022 2332 1194 2406 formulam,
1209 2332 1310 2395 divisis
1322 2344 1353 2394 et

321 2436 351 2497 in
367 2434 477 2496 diversa
492 2434 666 2498 abeuntibus
680 2435 848 2507 sententiis,
864 2435 950 2497 etiam
966 2435 1056 2496 animi
1072 2455 1136 2496 cum
1153 2435 1265 2516 ingenti
1281 2434 1353 2496 lide-

321 2537 392 2599 lium
410 2536 544 2599 scandalo
566 2536 779 2610 dividerentur,
800 2535 878 2619 quod
895 2534 956 2618 jam
979 2555 1030 2620 per
1050 2536 1175 2618 priorem
1196 2535 1353 2598 formulam

321 2638 429 2700 lactum
453 2637 555 2700 luerat.
575 2640 675 2720 ltaque
697 2636 843 2721 praecipui
864 2635 900 2698 de
923 2636 1014 2709 clero,
1038 2637 1184 2719 adjunctis
1207 2636 1354 2720 aliquibus

320 2741 349 2802 S.
364 2740 538 2821 Theologiae
550 2739 718 2802 doctoribus
729 2738 899 2800 Academiae
913 2739 1116 2811 bononiensis,
1130 2738 1270 2801 bruxellis
1281 2759 1354 2801 con·

240 2867 242 2871 ·
321 2842 435 2922 gregati
450 2841 652 2903 examinarunt
663 2841 760 2923 plures
768 2838 922 2912 formulas,
936 2851 966 2901 et
977 2860 1011 2901 ex
1024 2839 1060 2900 iis
1072 2838 1268 2922 approbarunt
1282 2859 1355 2922 qua-

323 2954 389 3005 tuor
398 2955 564 3024 sequentes,
577 2962 647 3024 quas
657 2941 737 3004 licite
748 2940 886 3024 praestari
898 2959 980 3023 posse
989 2940 1131 3022 judicavit
1143 2939 1332 3022 congregatio
1347 2961 1357 3001 ε

365 3070 378 3101 ι
405 3050 435 3106 l·
455 3045 489 3107 Je
495 3055 622 3122 prometur
635 3047 806 3104 anomiasiort
817 3061 857 3104 aa
868 3054 1083 3122 ponoeroement
1094 3043 1243 3121 (suaeuis,-

363 3170 377 3204 ι
403 3147 436 3204 b·
456 3146 490 3208 Je
501 3155 626 3223 promets
640 3149 811 3205 soumiasioa
824 3147 844 3204 d
855 3146 885 3205 lo
894 3145 1059 3224 sepultique
1071 3144 1235 3223 [conpulsos

364 3273 378 3306 ι
402 3252 436 3310 5·
456 3247 491 3309 Jc
506 3257 633 3324 promote
645 3248 818 3307 soumiasico
837 3247 856 3306 ἀ
873 3245 904 3305 la
922 3246 1085 3325 repetitque
1098 3255 1123 3305 et
1143 3263 1182 3304 aa
1195 3261 1357 3325 quaterne-

322 3352 549 3430 mantfrenpor'a.

364 3476 379 3509 ιι
402 3450 450 3513 S'il
461 3462 505 3512 est
514 3448 690 3522 necessaire,
702 3469 738 3511 on
750 3469 856 3531 pourra
867 3448 979 3531 ajouter
991 3453 1007 3509 a
1018 3467 1065 3510 ecs
1075 3447 1213 3510 formales
1222 3447 1263 3510 les
1274 3460 1359 3511 muts

320 3555 424 3632 pectet
432 3572 469 3614 ou
480 3553 653 3624 obeiaaoaec,
668 3562 697 3612 et
707 3555 801 3612 meme
815 3550 873 3612 l'un
884 3561 912 3611 et
922 3548 1037 3620 l'autre;

365 3678 379 3712 ι
403 3656 433 3715 l·
456 3653 487 3715 Si
498 3652 553 3714 l'on
567 3663 635 3714 veut
645 3650 992 3714 atsotnmentotttssanee
1002 3648 1360 3721 eaeeteitserrneees-

322 3754 396 3817 saire
409 3754 548 3836 d'ajouter
564 3773 659 3834 :pour
670 3764 772 3816 autent
781 3773 834 3833 que
845 3754 920 3816 Dico
931 3755 956 3816 le
962 3762 1072 3832 permet
1082 3763 1107 3813 et
1122 3755 1274 3815 terdonae.
1293 3777 1307 3808 ι

358 3955 365 3986 ¹
383 3955 430 4008 cir.
443 3957 548 4008 Merteos
560 3963 584 4006 et
595 3953 678 4020 toris,
693 3953 871 4006 Gesottedeair
883 3967 938 4004 curt
949 3954 1124 4018 Anttoerpea,
1137 3960 1154 4002 ι.
1169 3951 1211 4018 Vl,
1225 3967 1249 4016 p.
1259 3951 1319 4001 597.
