3034 4908
837 433 911 512 296

361 573 592 654 Spruedetheim.
602 573 645 636 td
655 573 735 637 iliam
746 439 891 638 60οΞῑίοω
903 439 1050 659 8130000000
1059 573 1176 638 collatio
1191 593 1279 638 curae
1290 587 1385 660 pasto·

361 674 431 738 ralis
442 673 578 738 eeclesiae
588 675 617 738 S.
630 675 735 739 ioanni
747 678 894 760 Baptistae
903 696 1008 740 sacrae.

401 780 485 841 Juxta
497 777 653 860 registrum
668 778 831 842 Landocaui
845 779 1077 864 hutuerpieusis,
1091 799 1178 864 quem
1192 779 1264 843 citat
1277 780 1386 842 Dieron·

362 898 430 942 sens
443 881 540 962 (supra
555 898 582 962 p.
595 880 678 958 2⁴5),
690 877 738 942 hio
751 899 843 963 pagus
857 891 1022 946 recensetur
1036 880 1090 944 sub
1104 881 1245 946 decanatu
1258 881 1387 966 Bergizc·

363 1000 467 1046 mensu.

633 1143 673 1194 st.
690 1145 803 1196 Sounsnr
821 1145 985 1212 (Mapoura).
1002 1147 1028 1196 t.
1048 1143 1120 1196 12⁰0.

403 1275 534 1357 lugentis
552 1275 693 1339 territorii
713 1295 819 1361 pagus,
837 1277 959 1340 amuito
970 1277 1031 1360 jam
1047 1287 1176 1362 tempore
1194 1277 1226 1340 iu
1245 1277 1318 1340 duas
1331 1277 1389 1340 dis-

364 1378 536 1446 criminatus
560 1379 724 1462 parochias,
746 1399 869 1463 quarum
892 1399 950 1443 una
972 1381 1219 1445 urceo-Sonuere
1244 1391 1275 1444 et
1301 1380 1389 1445 altera

360 1479 602 1560 ‘Kleyo-Suudert
614 1480 791 1544 nominatur.

404 1581 532 1645 Ecclesia
541 1583 648 1664 Maponi
656 1583 796 1657 Suadere,
810 1583 839 1646 S.
853 1581 982 1645 Trudoni
996 1603 1090 1657 sacra,
1104 1583 1244 1669 spectavit
1257 1584 1292 1647 ad
1304 1583 1390 1648 colia·

363 1683 472 1748 tionem
485 1683 612 1768 primunt
622 1683 733 1750 domiui
744 1684 780 1747 de
792 1683 896 1758 Breda,
908 1683 1012 1748 deinde
1025 1684 1153 1769 episcopi
1162 1685 1390 1769 hntvcrpiensis.
1428 1757 1432 1762 ,

657 1865 697 1916 25.
714 1866 828 1918 Suununr
844 1865 984 1932 (pureum).
1001 1868 1028 1919 Ι..
1045 1867 1102 1920 570.

404 2007 444 2070 Le
457 2009 521 2092 Rop
533 2027 582 2090 op.
595 2007 645 2071 cit.
660 2027 688 2092 p.
706 2010 775 2081 tu,
791 2007 878 2072 refert
891 2007 1033 2092 diploma,
1048 2028 1106 2091 quo
1119 2006 1207 2072 abbas
1221 2009 1391 2073 monasterii

363 2109 394 2172 S.
406 2108 530 2173 Batonis
542 2108 671 2173 Gandavi
688 2129 736 2174 an.
756 2111 847 2183 tuoe,
868 2109 1021 2173 renunciat
1039 2109 1100 2193 juri
1117 2122 1287 2195 patronatus
1306 2110 1393 2195 hujus

364 2211 516 2295 parochiae
529 2213 561 2276 in
576 2210 700 2276 favorem
715 2212 883 2277 monasterii
897 2212 1127 2295 Tohgerloeusis.

720 2391 760 2442 00.
776 2393 996 2446 saxosus-cmm.
1012 2394 1039 2446 Ι..

405 2519 493 2585 Vicus
506 2540 573 2586 cum
588 2520 693 2586 sacello
706 2521 760 2587 suh
776 2524 912 2608 parochia
926 2525 1047 2602 chaom,
1062 2545 1150 2612 supra
1164 2545 1245 2592 num.
1259 2531 1288 2591 5.

695 2706 735 2758 at.
752 2708 929 2760 Tun-licuntur.
944 2710 971 2761 t.
990 2709 1062 2760 1000.

405 2837 533 2901 Eocicsia
547 2856 623 2900 anno
644 2840 722 2903 tuuc
736 2852 830 2904 erecta
845 2839 875 2902 iu
890 2839 1030 2904 honorem
1047 2844 1080 2904 B.
1098 2842 1204 2905 Mariae
1219 2841 1351 2925 Virginis
1364 2855 1393 2906 et

363 2941 392 3004 S.
408 2938 542 3012 Antonii,
557 2939 627 3002 olim
645 2939 815 3004 vicariatum
831 2940 955 3004 hahebat
968 2942 1022 3004 suh
1038 2943 1165 3026 capituio
1179 2942 1328 3018 Bredauo,
1343 2945 1391 3007 sed

364 3043 484 3104 ineunte
503 3040 617 3104 saeculo
641 3043 728 3104 Xtht
751 3042 782 3104 in
805 3042 971 3126 parochiam
996 3043 1032 3108 ad
1055 3044 1239 3110 collationem
1263 3045 1390 3132 episcopi

363 3142 585 3227 Antuerpiensis
598 3153 694 3206 erecta
704 3153 757 3206 cst.

750 3305 789 3358 28.
807 3307 967 3358 Tun-Itouna.
984 3309 1011 3362 L.

404 3437 492 3502 Vicus
508 3457 575 3501 cum
595 3439 700 3502 sacello
720 3437 862 3522 appendix
880 3438 1033 3522 parochiae
1049 3439 1085 3504 de
1097 3438 1275 3506 Oosterhout
1293 3443 1390 3526 (supra

365 3557 446 3602 num.
461 3541 509 3619 ta)
524 3538 555 3602 iu
570 3538 735 3623 parochiam
750 3550 863 3602 erectus
876 3558 953 3602 anno
969 3543 1058 3604 1787.

710 3719 751 3771 00.
767 3722 933 3772 Tarentnouu.
951 3721 977 3772 t..
994 3721 1050 3772 600.

404 3848 527 3914 Collatio
557 3870 643 3915 curae
665 3852 817 3938 pastoralis
840 3852 988 3936 spectabat
1010 3853 1045 3915 ad
1070 3853 1237 3938 episcopum
1265 3857 1386 3916 hntrer-

368 3972 507 4038 pronsem.
