2990 4918
558 499 571 596 (
600 495 706 594 tot)

113 635 350 720 protendebatur.
373 640 462 700 Porro
482 638 661 722 episcopatui
679 635 879 720 hntvcrpicnsi
900 637 1071 702 attributum
1092 638 1148 702 lnit

115 737 297 801 territorium
311 753 422 823 septem
440 738 613 823 oppidorum
632 759 698 801 cum
715 737 796 822 pagis
811 738 1064 821 interjacentibus,
1083 741 1146 803 lon·

112 841 259 924 gitudinis
282 842 492 925 quinquaginta
513 863 575 914 sex.
602 840 765 904 latitudiuis
787 861 856 902 vero
878 841 998 921 triginta
1021 834 1147 906 millium

111 965 253 1026 passuum
268 945 443 1007 italicorum.
455 946 569 1028 Oppida
583 958 652 1008 sunt
666 946 837 1026 hntverpia‚
853 949 938 1027 hyra,
955 945 1062 1017 breda,
1079 929 1147 1007 bert

112 1047 245 1127 gnoma,
260 1047 477 1119 Tumbaotum
500 1047 717 1120 Herendalinm
743 1047 966 1128 llooghstrata:
986 1047 1062 1109 varia
1078 1048 1148 1109 item

114 1160 310 1210 numerantur
327 1148 501 1232 municipia,
521 1162 551 1212 et
572 1154 631 1212 tut)
651 1149 767 1210 circiter
787 1147 852 1230 pugi
876 1149 904 1209 in
926 1166 974 1210 sex
992 1147 1149 1210 decanatus

113 1248 216 1321 divisi,
246 1250 384 1312 nimirum
414 1251 669 1333 hntverpieneem,
700 1254 860 1333 hyrenem
892 1239 1144 1356 llerendalensem3

114 1349 398 1431 llooghstratannm.
415 1352 663 1433 bergizomcnsem
678 1363 707 1413 et
722 1351 921 1414 bredanum.
901 1356 909 1394 ¹

158 1451 345 1535 Episcopatui
363 1453 445 1515 unita
460 1452 544 1514 luit
537 1473 566 1513 m
589 1453 687 1514 dotem
709 1451 824 1514 abbatia
843 1452 935 1514 sancti
954 1441 1097 1515 bernmdi
1112 1450 1148 1513 ad

113 1551 282 1624 Schaldim‚
302 1573 375 1636 quae
395 1552 580 1636 postmodum
604 1551 658 1613 snb
680 1554 806 1637 Gaspere
826 1554 928 1614 Nenrio
948 1551 1149 1635 hatrerpiensi

116 1652 272 1736 episcopo,
288 1655 483 1716 transactione
503 1654 660 1716 monachos
682 1655 758 1716 inter
775 1666 803 1715 et
822 1653 981 1715 antistitem
1003 1653 1091 1723 lacte,
1113 1652 1149 1714 ab

115 1777 152 1817 eo
170 1755 316 1837 disjuncta
336 1756 406 1825 fuir,
429 1771 459 1818 ct
480 1755 569 1819 abbas
583 1756 724 1838 regularis
737 1755 830 1817 eidem
843 1776 859 1818 c
873 1756 985 1836 gremio
999 1756 1152 1819 restitutus

116 1878 166 1919 an.
187 1857 430 1929 teochesberiam
446 1858 599 1919 medietate
610 1857 787 1940 episcopatui
799 1847 982 1939 transcripta.
994 1860 1024 1917 ln
1037 1855 1152 1938 supple·

111 1971 251 2030 mentum
263 1978 377 2042 quoque
390 1957 468 2022 dotis
479 1959 606 2042 episcopi
622 1960 768 2040 assignata
783 1958 839 2020 fuit
848 1977 961 2020 summa
974 1957 1054 2020 mille
1065 1957 1152 2020 duta·

118 2073 219 2123 torum
233 2060 296 2122 auri
311 2059 348 2120 de
361 2063 497 2132 Camere,
512 2081 544 2121 ex
559 2061 588 2122 S.
611 2057 758 2124 Michaelis
776 2060 993 2142 Antrerpiensis
1010 2079 1044 2121 ac
1063 2059 1151 2122 Villa-

119 2161 226 2224 riensis
246 2160 426 2222 abbatiarum
447 2160 636 2243 proventibus
655 2160 847 2231 desumenda
869 2161 918 2224 scd
939 2161 975 2222 ab
992 2160 1047 2222 boc
1064 2181 1152 2223 onere

119 2284 182 2325 sese
199 2275 312 2344 postea,
327 2262 519 2324 conventione
540 2282 606 2324 cum
625 2261 760 2344 episcopo
775 2261 863 2384 lacta,
882 2273 1049 2324 exemerunt
1063 2260 1150 2366 abba·

121 2367 179 2428 tiae
192 2367 405 2428 memoratae¹.

162 2465 289 2528 Ecclesia
313 2465 485 2528 cathedralis
508 2469 538 2528 Β.
560 2469 594 2527 V.
620 2469 655 2529 hl.
679 2487 775 2537 sacra,
797 2487 863 2528 curn
895 2465 1150 2549 praestantissimis

122 2566 215 2648 Belgii
236 2565 352 2649 templis
373 2566 590 2650 pulchritudine
603 2580 632 2629 et
647 2567 789 2648 elegantia
803 2580 931 2640 certans,
947 2569 1050 2630 turrim
1064 2567 1152 2630 babet

121 2668 361 2741 excelsissimam,
375 2683 472 2732 sumtu
488 2669 605 2752 publico
619 2689 696 2731 aeno
711 2674 788 2730 llil
798 2669 942 2732 aedificari
959 2683 1107 2753 coeptam,
1122 2681 1152 2732 ct

121 2791 199 2832 anno
213 2770 330 2832 demum
346 2773 425 2832 {518
440 2769 610 2852 periectam3
627 2769 808 2849 horologium
823 2789 935 2832 somma
950 2782 1011 2831 arte
1025 2768 1153 2832 elebora-

124 2884 198 2943 tum,
214 2870 297 2953 cujus
308 2870 526 2954 praeambulum
537 2871 684 2933 horarium
697 2870 807 2933 musico
818 2865 1023 2954 campunarum
1036 2871 1153 2934 circiter

122 2973 271 3054 sexaginta
283 2984 425 3034 concentu
443 2971 542 3034 horam
556 2973 718 3055 praevertit.
731 2970 850 3034 Somnia
859 2963 903 3034 est
917 2971 1003 3054 hujus
1016 2971 1153 3034 ecclesiae

124 3074 352 3156 magnificentia,
377 3093 489 3136 somma
511 3087 658 3144 venustas,
684 3073 767 3156 cujus
790 3091 857 3135 arae
875 3091 988 3135 omncs
998 3087 1028 3134 et
1049 3073 1152 3134 sacella

104 3225 106 3228 .
124 3175 247 3258 picturis
260 3174 506 3257 exquisitioribus‚
519 3187 655 3274 sectoque
670 3195 814 3236 marmore
824 3186 875 3236 aut
885 3173 998 3256 jaspide
1012 3175 1152 3235 decoran-

126 3289 181 3338 tur
200 3283 285 3339 llnno
305 3281 379 3340 tute
393 3276 534 3358 templum
550 3276 605 3338 hoc
622 3276 712 3354 (turri
729 3289 757 3337 et
771 3275 859 3336 choro
874 3275 1013 3357 exceptis)
1031 3275 1152 3336 l'ortuito

126 3378 193 3459 igne
216 3376 401 3457 deflagravit,
421 3376 470 3439 aed
487 3377 573 3460 paulo
592 3389 655 3458 post
674 3377 703 3438 in
726 3377 830 3438 melius
851 3378 1031 3448 restitutum
1054 3389 1154 3440 rursus

125 3498 201 3541 anno
225 3482 303 3541 lbbb
317 3479 354 3540 ab
372 3478 583 3541 leoooclastis
575 3479 744 3540 immaniter
759 3477 921 3548 loetlatum,
936 3501 984 3560 qur
977 3472 1047 3540 hic
1061 3491 1090 3540 et
1103 3497 1155 3560 per

126 3581 222 3643 onrnia
239 3580 320 3643 urbis
339 3580 445 3664 templa
465 3581 561 3643 triduo
582 3579 749 3641 debacchati
769 3599 849 3641 sacra
870 3585 969 3642 cornia
988 3591 1151 3655 vastarunt,

127 3681 362 3744 contaminarunt
377 3693 427 3742 aut
442 3681 471 3742 in
487 3680 578 3743 l'rosta
592 3681 838 3743 comminuerunt.
933 3677 936 3686 '

167 3784 332 3868 Capitulum
356 3783 521 3846 cathedrale
544 3782 695 3844 constabat
717 3782 827 3844 decane
849 3795 880 3844 et
894 3781 1002 3864 *viginti
1031 3794 1156 3866 quatuor

165 3964 173 3996 ¹
188 3963 247 4016 tide
259 3979 344 4032 supra,
356 3979 396 4030 pp.
409 3964 442 4015 att
453 3972 476 4016 et
488 3966 555 4032 κῃ.
624 4023 628 4035 .

162 4052 173 4084 ²
189 4052 247 4103 Vide
259 4067 344 4118 supra,
357 4067 380 4117 p.
393 4051 425 4102 69
437 4058 461 4102 et
471 4052 512 4103 65.
