2978 4916
537 459 551 553 (
579 454 646 530 rur
674 458 687 553 )

95 594 204 657 Mariae
224 593 260 656 tle
279 593 421 656 iselstein
438 593 514 676 repud
534 598 670 667 batavus,
693 615 858 682 nostrosque
872 593 1042 658 coerrobium
1056 595 1125 658 sub-

94 697 172 758 didit
198 695 357 759 visitationi
386 695 499 759 abbatis
527 698 748 781 Veteris-campi
781 697 920 761 dioecesis
944 699 1127 762 Coloniensis

92 797 177 880 juxta
202 796 421 880 ilhcnobergum
438 802 460 859 ¹.
943 815 947 823 ·

485 979 580 1042 Series
590 983 737 1060 priorum.

136 1138 157 1204 Ι.
180 1135 285 1198 Petrus
299 1137 334 1196 de
348 1135 483 1214 Cutsuprb
502 1135 609 1199 nubilis
626 1139 750 1200 batavus
765 1157 798 1199 en
813 1136 988 1200 anonasterio
1002 1137 1127 1202 Yselste-

95 1235 191 1297 aiensi
206 1247 383 1318 assumptus,
398 1231 567 1300 defunctum
579 1259 625 1300 an.
639 1241 717 1301 1450
731 1237 778 1300 die
788 1242 827 1301 40
839 1259 905 1320 aug.
919 1238 1051 1301 coenobii
1064 1240 1129 1301 lun-

95 1337 228 1399 dalurem
247 1337 359 1418 ingenti
381 1321 520 1421 apparatu
544 1339 574 1401 in
593 1359 644 1401 sua
662 1339 794 1422 sepelivit
814 1339 934 1402 ecclesia
953 1361 1005 1423 per
1025 1359 1129 1402 manus

97 1425 217 1499 blenriei
231 1436 343 1498 abbatis
356 1439 537 1521 Campensis,
551 1459 602 1521 per
616 1461 647 1502 se
660 1423 727 1502 vcro
741 1439 932 1503 laudatricem
948 1443 1035 1513 4450,
1047 1440 1129 1502 Wal-

96 1551 193 1600 ternm
206 1541 260 1600 001
270 1539 395 1622 equitem
409 1540 637 1603 alterumfilium
650 1541 837 1604 fundaturum
848 1545 935 1614 1464,
948 1553 977 1603 ct
988 1546 1128 1606 ioannem

96 1643 151 1702 Pot
170 1641 397 1724 primogenitum
415 1635 461 1704 ab.
475 1647 562 1706 4468.
581 1644 709 1725 lienique
726 1644 848 1726 ipsemet
863 1647 966 1706 Petrus
982 1642 1056 1707 obiit
1069 1664 1128 1705 non

95 1765 176 1807 anno
187 1747 280 1819 4474,
291 1745 334 1808 014
345 1745 454 1828 legitur
467 1746 497 1807 in
509 1747 635 1809 Historia
646 1761 803 1809 memorata
813 1733 1129 1830 episcopatus'bntver-

93 1845 220 1928 plenus.
238 1846 286 1908 secl
296 1849 384 1908 4476
398 1846 428 1907 40
445 1846 571 1928 profesto
584 1849 724 1912 Omnium
737 1850 801 1920 SS.,
822 1859 974 1930 postquam
990 1851 1028 1908 47
1043 1847 1129 1908 annis

95 1949 275 2030 praefuerat,
291 1947 440 2031 tribusque
454 1961 521 2011 ante
535 1948 648 2012 obitum
663 1963 799 2024 cesserat,
815 1963 847 2012 ut
862 1949 948 2012 habet
962 1949 1053 2031 ipsius
1067 1935 1128 2030 epi·

97 2049 230 2132 taphium
250 2048 325 2132 apud
344 2050 514 2120 Sanderum.
536 2049 591 2113 Ubi
610 2050 769 2112 notandum
790 2048 885 2112 obiter
902 2049 1030 2132 ejusdem
1049 2069 1130 2132 prae·

97 2149 226 2213 secturae
240 2143 357 2211 initium
372 2143 439 2212 eluci
454 2149 491 2212 ab
506 2171 553 2213 an.
569 2155 656 2223 4447,
671 2171 729 2234 quo
744 2150 915 2215 coenobium
926 2199 933 2224 ,
945 2162 978 2212 ut
991 2149 1132 2223 diximus,

98 2251 225 2314 traditur
239 2250 414 2314 absolutum.

89 2395 96 2410 .
138 2355 170 2414 14.
193 2354 317 2416 Iacobus
329 2355 363 2414 ele
375 2355 514 2415 Borsuliu
534 2373 567 2414 ex
586 2351 694 2414 familia
717 2352 880 2416 laudaturis
900 2373 977 2415 anno
994 2355 1071 2416 1470
1084 2351 1131 2414 440

97 2452 241 2518 0001000.
259 2466 404 2516 mortuum
425 2453 540 2516 deflevit
557 2454 807 2516 bartholomaeum
828 2459 883 2517 Pct
900 2453 991 2515 tilium
1012 2453 1130 2516 unicum

97 2554 219 2618 Adriani
243 2559 298 2617 Pet
321 2555 373 2617 lilii
392 2554 569 2628 fundatoris,
589 2556 736 2619 novicium
756 2557 786 2618 in
806 2576 858 2618 suo
880 2555 1074 2629 monasterio,
1100 2549 1132 2617 et¹

96 2675 145 2720 an.
159 2661 238 2720 1484
253 2657 300 2720 die
317 2661 357 2720 46
368 2657 434 2740 julii
447 2658 615 2721 blathildem
631 2662 684 2722 Put
699 2659 787 2721 lilium
803 2660 918 2721 unicam
933 2660 1011 2721 Petri
1028 2658 1131 2720 sunda-

97 2761 171 2822 toris
183 2757 289 2820 ibidem
304 2771 398 2822 terrae
416 2755 563 2822 mandavit
578 2759 624 2822 die
639 2764 651 2820 4
679 2759 804 2840 angusti.
825 2759 902 2820 ldem
924 2779 971 2822 un.
988 2763 1067 2821 4477
1085 2758 1132 2820 die

98 2865 117 2926 8
124 2861 203 2945 junii
214 2861 368 2924 canonicos
383 2851 519 2924 ecclesiae
531 2865 562 2924 B.
576 2861 681 2924 Mariae
690 2865 829 2944 Antverp.
842 2859 985 2941 bonorum
998 2843 1129 2923 omnium

99 2961 296 3047 spiritualium
308 2963 476 3026 monasterii
489 2962 644 3048 participes
656 2961 759 3027 effecit.
773 2963 875 3026 Vivere
886 2963 972 3026 desiit
982 2953 1131 3036 an.'ll85,

99 3085 178 3128 nono
193 3055 238 3127 sni
253 3064 414 3146 regiminis.
547 3137 553 3148 ⁶

136 3169 185 3228 411.
210 3167 334 3228 ibamus
344 3153 470 3230 Merrbcl
480 3165 524 3228 vel
538 3167 683 3242 Marmei,
698 3180 783 3230 antea
798 3164 979 3241 cellerarius,
994 3185 1068 3228 unus
1080 3159 1132 3226 ab·

100 3265 206 3329 bstialc
220 3265 347 3349 suscepit
359 3265 406 3328 die
422 3270 455 3330 44
472 3264 541 3348 julii
561 3269 654 3338 4475,
673 3267 750 3350 quod
767 3279 833 3351 pust
851 3279 959 3350 septem
975 3281 1066 3329 annus
1080 3265 1131 3327 sb·
1148 3257 1151 3262 ’

100 3368 217 3432 dicauit.
238 3371 370 3431 Mortuus
390 3381 433 3430 est
454 3388 500 3429 an.
526 3371 615 3441 4504,
639 3383 668 3431 nt
690 3389 782 3432 nonas
808 3368 975 3432 novembris
999 3369 1029 3430 40
1057 3367 1130 3431 iesto

100 3469 310 3535 &Malachiae
332 3481 336 3487 “
1130 3458 1133 3463 ⁴

140 3574 188 3634 lv,
208 3572 334 3634 loannes
348 3571 454 3642 Goeus,
468 3569 699 3653 Antrerpiensis,
714 3568 822 3632 electus
835 3581 879 3632 est
893 3569 923 3631 in
941 3569 1066 3652 priorem
1082 3557 1132 3652 per

102 3673 260 3735 cessionem
277 3670 474 3754 praecedentis
491 3691 538 3734 an.
552 3674 643 3745 1490,
659 3683 745 3754 atque
763 3670 915 3732 institutus
930 3691 981 3752 per
993 3674 1132 3733 loannem

102 3773 234 3838 abbatem
248 3772 483 3856 Veteris-campi.
497 3772 579 3836 Obiit
595 3777 673 3836 4506
687 3772 732 3834 die
747 3776 785 3836 10
795 3770 877 3854 julii,
893 3771 1045 3854 regiminis
1061 3777 1109 3836 46.

138 3951 145 3982 ¹
163 3953 211 4006 Gir.
229 3953 330 4006 sanderi
344 3953 424 4006 Brob.
437 3954 531 4006 illustr.
545 3960 602 4004 tom.
615 3953 639 4020 1,
651 3967 674 4017 p.
687 3952 735 4004 504
748 3959 773 4004 et
784 3966 852 4018 seqq.
