3012 4912
358 656 389 716 in
414 652 609 737 publicatione
630 652 783 716 amnistiae
806 671 855 714 seu
876 649 1099 714 condonationis
1119 649 1272 732 generalis.
1298 653 1385 714 Com-

358 756 456 838 paruit
474 755 553 818 enim
572 754 602 820 iu
621 753 742 816 ecclesia
759 752 917 816 cathedrali
939 752 996 815 dus
1016 750 1159 824 Albanus,
1181 752 1391 816 comitantibus

359 857 447 922 Aurei
461 857 582 922 Velleris
595 855 757 940 equitibus,
772 867 889 938 totaque
902 855 980 928 aula,
1000 853 1199 938 praesentibus
1216 853 1327 936 Viglio,
1343 875 1392 918 ar·

358 959 542 1043 chiepiseopo
555 959 754 1022 Cameracensi
765 957 961 1022 hlasimiliano
975 957 1011 1020 de
1025 955 1142 1038 bergis,
1155 956 1292 1039 episcopo
1303 963 1391 1020 Atre·

359 1060 471 1124 batensi
485 1062 640 1124 Francisco
654 1059 832 1124 Richardoto
845 1072 874 1123 et
884 1059 1004 1122 Sannio.
1015 1061 1091 1120 Ante
1102 1059 1220 1122 missam
1231 1057 1393 1121 solemnem

359 1161 395 1224 de
412 1161 523 1243 Spiritu
543 1163 668 1234 Sancto,
689 1160 726 1223 ab
745 1159 961 1244 archiepiscopo
979 1158 1179 1222 Cameracensi
1200 1157 1391 1230 celebratam,
1436 1145 1438 1150 ¹

359 1262 487 1326 Sonrnm
503 1262 658 1325 rmnaoulo
672 1260 811 1324 idiomate
822 1261 994 1324 concionem
1008 1260 1119 1324 hahuit.
1140 1259 1238 1322 Finita
1253 1259 1343 1323 missa
1362 1274 1393 1322 et

358 1363 542 1445 processione
564 1363 643 1427 intra
663 1363 813 1426 ecelesiam
836 1363 987 1436 instituta,
1013 1361 1207 1434 Richardotus
1228 1361 1334 1444 gallice
1355 1362 1392 1425 ad

316 1520 319 1526 ,
359 1463 498 1546 populum
519 1463 593 1528 dixit
607 1467 630 1526 ¹.
648 1463 759 1528 Deinde
780 1463 1013 1547 archiepiscopus
1029 1462 1393 1546 Cameracensispraelegi

358 1563 472 1628 curarit
484 1563 594 1628 bullam
610 1563 656 1628 Pii
677 1567 711 1638 V,
728 1584 785 1648 qua
803 1564 969 1637 haereticis,
991 1563 1200 1638 iconomachis,
1220 1563 1343 1647 aliisque
1355 1563 1393 1628 atl

278 1691 279 1696 ¹
359 1665 503 1746 gremium
521 1664 667 1728 Ecclesiae
686 1663 898 1730 reuertentibus
912 1663 1094 1744 indulgentia
1113 1663 1241 1747 plenaria
1257 1674 1289 1728 et
1306 1663 1394 1726 abso·

357 1765 432 1827 lutio
446 1785 462 1828 a
476 1765 607 1830 censuris
625 1763 867 1828 concedebantur.
882 1767 907 1826 Α
923 1762 1047 1847 prandio
1067 1763 1173 1827 similis
1193 1762 1392 1846 indulgentia,

358 1886 416 1948 qua
438 1865 660 1948 praeteritorum
685 1864 793 1928 ohlivio
816 1878 845 1929 et
865 1864 1018 1930 turbarum
1040 1866 1124 1930 venia
1146 1865 1253 1949 populo
1279 1865 1393 1930 tribue-

359 1966 485 2039 bantur,
498 1987 534 2028 en
547 1977 629 2048 parte
647 1964 774 2047 Philippi
795 1969 832 2039 ll,
847 1985 944 2028 eoram
961 1966 1063 2030 eodem
1078 1966 1220 2029 nobilium
1235 1966 1402 2038 comitatu,

360 2065 502 2148 praelecta
515 2079 545 2129 et
559 2066 742 2150 promulgata
756 2065 813 2128 luit
830 2066 862 2130 in
882 2066 944 2132 loro
963 2067 1177 2150 antverpiensi.
1193 2065 1253 2130 Cir.
1273 2067 1393 2130 Diores-

359 2188 438 2241 sens,
453 2189 500 2251 op.
515 2168 564 2231 cit.
583 2179 603 2231 t.
619 2170 643 2230 V
657 2188 685 2250 p.
697 2170 842 2232 laetae.

399 2273 439 2332 50
446 2271 518 2348 julia·
535 2270 658 2348 amdam
679 2273 767 2339 onai,
783 2267 912 2332 Sonnius
925 2267 956 2330 in
971 2267 1090 2330 ecclesia
1103 2266 1261 2330 cathedrali
1275 2267 1394 2330 concio

359 2369 544 2440 nemhabuit,
557 2388 613 2451 qua
628 2369 804 2452 praedictam
817 2369 1028 2450 indulgentiam
1040 2369 1146 2432 iterum
1158 2367 1326 2452 publicavit,
1340 2390 1393 2432 scu

359 2472 456 2554 potius
471 2471 610 2553 populum
625 2470 661 2533 ad
675 2491 734 2537 non
749 2471 953 2554 negligendam
968 2469 1095 2533 oblatam
1108 2471 1234 2552 gratiam
1247 2471 1393 2536 excitavit.

401 2573 453 2634 Die
466 2573 506 2633 26
518 2575 646 2652 capara,
657 2571 765 2635 salutat
774 2575 898 2639 hunam.
910 2570 1135 2634 archidncissam
1148 2571 1291 2644 hosteim,
1305 2592 1395 2654 spon-

358 2691 419 2734 sam
439 2669 568 2754 Philippi
584 2674 623 2744 ll,
644 2683 674 2732 et
695 2670 743 2733 die
760 2673 907 2755 sequenti,
924 2691 998 2754 quae
1015 2683 1078 2732 erat
1093 2670 1256 2744 dominica,
1273 2671 1392 2734 missam

359 2773 519 2837 solemnem
543 2793 576 2836 ea
595 2785 744 2856 praesente
767 2773 901 2837 celebrat.
924 2772 1107 2847 Diercxsens,
1127 2794 1177 2856 op.
1199 2772 1249 2836 cit.
1273 2784 1345 2836 torn.
1367 2776 1392 2832 V

362 2895 389 2956 p.
406 2878 547 2938 ttottt.

399 2977 453 3038 Dr'e
475 2978 516 3038 26
537 2976 716 3052 septembris,
738 2975 834 3058 coepit
857 2973 1045 3038 reconciliare
1067 2974 1203 3038 ecclesias
1223 2971 1393 3055 pmlanates

359 3087 437 3137 extra
453 3075 610 3138 civitatem.

398 3181 453 3240 Die
471 3180 510 3240 15
527 3178 694 3246 mamare,
714 3188 747 3238 ut
766 3177 865 3240 divina
882 3176 976 3240 officia
995 3177 1100 3242 melius
1123 3175 1391 3258 frequentarentur,

391 3407 400 3437 ¹
416 3407 500 3458 Oratio
511 3407 552 3458 illa
563 3409 628 3475 typis
639 3409 799 3461 Plautinianis
809 3409 873 3460 edita
888 3417 924 3460 est
939 3430 944 3458 :
959 3408 1067 3459 aermon
1079 3408 1146 3470 fciet
1154 3421 1187 3456 eu
1197 3407 1292 3472 Peplt‘te
1303 3409 1393 3459 cathe-

358 3495 431 3544 drale
442 3495 591 3563 drarum,
603 3511 636 3548 en
642 3496 764 3562 mesenae
771 3499 802 3548 dc
812 3496 838 3548 S.
851 3495 1167 3558 ascomannorum
1179 3494 1285 3560 adies,
1297 3495 1394 3558 choor

358 3583 389 3630 de
398 3582 425 3630 lc
430 3581 592 3645 publication
600 3585 644 3634 des
650 3582 897 3649 pordontchearr
905 3579 1035 3632 Saiactets
1043 3586 1067 3630 et
1075 3579 1185 3642 MoJeste
1192 3580 1290 3644 Ropole
1298 3580 1393 3632 Gotho

357 3665 455 3731 licque,
466 3681 519 3731 por
532 3672 637 3719 martire
653 3669 782 3730 araneae
797 3667 953 3731 dichorda,
968 3665 1074 3730 eumque
1085 3666 1209 3716 d'Arros.
1225 3668 1293 3716 hotv.
1311 3666 1393 3731 1570,

359 3765 435 3818 pagg.
444 3753 492 3821 55,
503 3753 582 3804 in-lh.
593 3782 623 3791 -
637 3751 717 3804 neten
729 3752 829 3821 Strada,
839 3751 1025 3811 maternorum,
1039 3751 1099 3800 dnm
1113 3749 1222 3814 pluribus
1238 3748 1393 3814 pontificiam

358 3845 383 3886 et
395 3838 488 3905 regiam
496 3839 650 3890 clementiam
660 3837 800 3904 extolleret,
808 3846 947 3903 correptum
954 3835 1027 3887 luisse
1036 3835 1163 3901 repentine
1172 3836 1266 3902 dolore,
1275 3843 1299 3885 et
1307 3851 1321 3884 e
1330 3851 1393 3903 sug-

360 3930 431 3986 gestu
446 3923 581 3991 sublatum3
595 3930 619 3973 et
636 3922 717 3973 multis
728 3923 810 3972 omnia
828 3924 859 3973 ad
872 3921 1065 3988 superstitionem
1079 3920 1229 3971 trahentibus
1244 3920 1322 3971 risum
1338 3935 1393 3972 esse

358 4015 480 4060 oratorem
491 4009 640 4073 inauspicato
651 4006 751 4074 dixisse,
762 4023 790 4058 ac
803 4023 901 4060 causam
911 4007 1042 4071 suscepisse
1054 4007 1118 4058 bono
1131 4007 1223 4057 irritem
1235 4013 1332 4056 eventu.
