2990 4918
359 619 374 654 u
399 595 486 657 sende
507 595 654 659 clausulen
676 611 821 659 vermeten
844 620 880 660 en
906 597 1037 682 strydigh
1058 617 1109 660 aen
1134 597 1183 660 het
1204 617 1293 679 georg
1314 595 1387 658 eude

360 721 375 753 u
398 696 606 778 achtbaerheyd
631 697 677 758 die
700 718 763 758 men
789 698 922 778 schuldig
943 699 967 759 is
988 719 1041 759 aen
1064 698 1099 760 de
1119 697 1310 780 ltouicltlyeke
1333 698 1388 758 mi-

360 822 374 857 a
399 798 518 870 nisters,
549 799 622 860 ende
645 819 698 860 aen
724 799 779 860 alle
800 798 909 880 degene
933 798 980 861 die
1005 803 1097 862 Haero
1122 799 1271 881 hlajesteyt
1298 797 1388 860 soude

362 924 375 957 1
399 900 572 980 goetvinden
601 913 629 964 te
648 901 787 962 heraedeu
811 921 878 962 over
897 901 952 962 den
972 901 1043 964 heus
1067 923 1120 962 van
1141 921 1231 963 eeuen
1254 899 1386 964 nieuweo

360 1025 376 1062 a
400 1001 534 1084 hisschop
548 1024 602 1064 van
618 1008 802 1086 hntwerpen.
826 1027 840 1060 1

804 1344 825 1418 §.
847 1342 945 1401 xvttt.

491 1523 614 1585 lacobus
632 1524 753 1584 llromoa
762 1523 903 1600 Iosephus
924 1523 1055 1591 Wcllcns,
1070 1521 1159 1584 Xl'll
1170 1524 1255 1599 epiro.

402 1703 519 1764 chrici
542 1703 683 1765 Gabrielis
706 1706 766 1764 Van
790 1705 930 1765 Garneren
957 1715 1051 1764 morte
1075 1722 1196 1764 vacuam
1221 1701 1386 1764 cathedram

360 1802 490 1884 implevit
501 1803 573 1864 alter
583 1804 613 1864 in
628 1803 755 1884 generali
770 1803 876 1864 artium
893 1802 1075 1887 promotione
1086 1823 1153 1866 aun
1173 1805 1248 1864 1715
1261 1803 1387 1884 primus,

361 1918 404 1975 et,
427 1918 459 1965 ut
480 1903 543 1976 ille,
567 1903 711 1966 facultatis
735 1904 911 1986 theologicae
927 1904 1113 1967 Louanieosis
1129 1904 1389 1994 doctorregensac

362 2004 519 2086 professor.
535 2004 658 2067 lacobus
671 2007 797 2067 Thomas
806 2006 946 2088 losephus
960 2005 1089 2067 Wellens
1102 2009 1124 2066 ¹.

402 2106 574 2188 Antverpiae
589 2104 735 2167 nobilibus
750 2105 916 2188 parentibus
927 2118 1013 2168 natus
1024 2106 1070 2167 die
1080 2111 1098 2168 5
1110 2105 1283 2187 septembris
1293 2109 1388 2176 ttae,

361 2208 459 2269 literas
483 2207 668 2270 humaniores
688 2209 813 2289 primum
837 2209 867 2269 in
890 2208 960 2270 urhe
985 2209 1092 2280 natali,
1117 2207 1222 2274 deinde
1242 2207 1390 2272 Montibus

363 2309 532 2370 Hannoniae
544 2323 572 2370 et
584 2321 729 2391 postremo
745 2309 862 2370 Lovanii
878 2310 907 2370 in
923 2311 1074 2392 gymnasio
1087 2311 1136 2372 SS.
1151 2307 1303 2370 Trinitatis
1316 2308 1391 2371 didi-

362 2411 416 2482 cit,
432 2411 539 2492 ubique
553 2411 671 2472 obtenta
686 2411 778 2492 prima
794 2409 901 2492 palma,
915 2431 1001 2493 quam
1017 2411 1102 2472 etiam
1121 2411 1150 2470 in
1167 2408 1348 2493 philosophia
1362 2421 1391 2472 et

361 2511 472 2573 artibus
485 2513 615 2572 omnium
630 2514 706 2572 uotis
723 2513 882 2594 promeruit
897 2512 1083 2594 praedagogii
1099 2511 1231 2573 Falconis
1245 2510 1389 2572 alumnus.

361 2617 446 2674 Anno
466 2616 544 2674 1716
568 2613 596 2673 in
620 2613 722 2694 majori
743 2612 864 2691 collegio
886 2615 915 2674 S.
933 2613 1060 2696 Spiritus
1083 2624 1177 2674 totum
1201 2631 1232 2672 so
1251 2609 1390 2688 (minime

362 2728 457 2776 tamen
483 2715 613 2794 neglecto
630 2714 877 2797 jurisprudentiae
900 2715 1013 2791 studio)
1038 2713 1208 2794 theologicis
1229 2711 1391 2794 disciplinis

363 2816 459 2889 dedit,
479 2836 512 2877 eo
533 2817 649 2899 quidem
667 2837 799 2878 successu
814 2828 847 2877 ut
866 2815 913 2877 die
937 2821 973 2878 15
990 2815 1057 2898 julii
1080 2819 1158 2878 1751
1180 2812 1342 2894 theologiae
1361 2825 1390 2876 et

360 2919 436 3002 juris
451 2919 600 3001 utriusque
620 2919 800 2990 licentiatus,
821 2918 868 2980 die
882 2939 948 2980 uero
964 2924 982 2980 5
997 2916 1112 3000 augusti
1134 2920 1212 2980 1756
1228 2914 1390 2996 theologiae

364 3019 466 3082 doctor
486 3018 574 3081 suerit
593 3021 779 3082 renunciatus
800 3040 925 3081 unacum
945 3017 1038 3080 amico
1059 3038 1112 3080 suo
1131 3014 1273 3098 singulari
1291 3015 1389 3078 Chris-

364 3122 444 3183 tiano
457 3122 612 3183 Francisco
627 3120 793 3182 Terswaeck
806 3122 829 3181 ².

405 3227 446 3284 Ex
461 3222 657 3304 philosophiae
671 3221 830 3304 professore
845 3221 875 3281 in
889 3220 1064 3302 paedagogio
1076 3219 1225 3294 Falconis,
1242 3220 1335 3282 sactus
1348 3230 1391 3281 est

365 3345 477 3407 praeses
499 3324 686 3404 collegiorum
707 3325 735 3384 S.
757 3327 856 3383 Annae
878 3341 923 3382 an.
950 3324 1044 3390 1751,
1065 3335 1093 3382 et
1114 3320 1142 3381 S.
1157 3320 1325 3384 Pulcheriae
1344 3341 1389 3382 ao.

366 3430 453 3488 1765.
479 3429 509 3486 lu
534 3424 587 3486 hac
608 3424 754 3486 missionis
775 3421 962 3484 Hollaudicae
983 3421 1139 3482 seminario
1160 3419 1283 3485 laxatam
1305 3421 1389 3483 disci·

364 3527 473 3608 plinam
492 3525 633 3599 restituit,
650 3539 735 3606 atque
751 3525 785 3586 ad
804 3523 882 3585 illius
896 3522 1029 3584 alumnos
1049 3521 1150 3584 hahuit
1166 3522 1390 3584 Exhortatiouet

363 3629 525 3708 familiares
540 3629 573 3686 dc
588 3631 731 3688 vocatione
745 3645 898 3686 sacrorum
918 3628 1119 3684 ministrorum
1136 3635 1161 3684 et
1180 3628 1273 3684 curiit
1290 3641 1390 3684 eorum

399 3828 406 3858 ¹
425 3831 477 3878 Van
495 3829 524 3876 de
539 3828 624 3892 Valde,
641 3827 749 3892 Syuops.
768 3842 880 3879 lucau-ur.
899 3837 956 3878 tom.
971 3828 1004 3892 ll,
1024 3843 1047 3891 p.
1059 3827 1108 3877 519
1122 3835 1146 3876 et
1159 3835 1216 3876 tom.
1230 3827 1275 3890 lll,
1293 3840 1316 3890 p.
1334 3823 1387 3874 75⁴.

399 3911 408 3941 ³
426 3913 473 3964 Ch.
486 3915 525 3965 De
538 3915 658 3964 laudibus
672 3915 764 3979 qulbus
781 3919 873 3964 veteres
887 3915 1094 3964 lovaniensium
1108 3909 1226 3976 Theolopi
1237 3909 1388 3976 1111111111-

364 4007 425 4051 auut
435 4003 519 4050 orntt'o
526 4037 533 4066 ‚
545 4016 569 4064 ρ.
581 3997 635 4049 tato.
