2990 4918
789 486 942 586 (rto)

352 652 365 686 o
389 630 534 689 tumeant
554 626 589 687 de
608 625 765 709 majoribus
786 627 894 689 caussis
912 641 942 689 et
960 644 1033 712 quae
1053 626 1186 692 inducias
1203 639 1254 690 aut
1269 647 1384 691 morum

349 753 363 786 a
388 716 513 811 eliquam
529 728 693 809 patiuntur,
711 716 747 790 ad
762 747 808 790 me
823 729 973 791 referetur.
997 753 1011 786 a

387 830 507 893 Scedula
522 830 557 891 de
571 851 626 914 qua
642 831 671 891 in
687 829 779 892 literis
796 831 905 893 mentio
919 843 978 902 est,
993 831 1063 892 baee
1077 841 1139 892 erat
1155 851 1162 892 ε

389 955 416 990 r·
429 935 470 993 Ex
481 931 628 993 audientia
638 933 818 994 sanctissimi
831 933 993 996 Florentiae
1005 953 1039 995 et
1054 931 1195 995 coenobio
1208 933 1381 996 Cartbusia·

348 1042 452 1096 borram
466 1035 501 1094 de
515 1038 554 1096 28
567 1034 643 1114 junii
657 1035 726 1096 anni
743 1037 832 1096 l'l9l3.

391 1159 404 1194 u
428 1136 634 1198 sanctissimus
656 1137 785 1212 (attentis
807 1150 970 1217 temporum
994 1135 1233 1199 difficillimorum
1255 1137 1384 1219 impedi·

348 1239 454 1300 mentis
476 1251 504 1299 et
522 1239 634 1299 ratione
649 1237 745 1298 habita
766 1238 889 1299 oratoris
907 1238 1056 1320 Episcopi,
1079 1238 1162 1321 eujus
1182 1238 1333 1319 singulare
1354 1251 1385 1301 et

349 1360 506 1421 numquam
522 1339 592 1400 satis
605 1339 781 1427 laudandum
791 1351 849 1421 pro
865 1339 984 1400 eeclesia
999 1339 1133 1400 universa
1147 1351 1176 1401 et
1188 1360 1240 1421 pro
1255 1340 1384 1402 dioecesi

348 1463 398 1503 sua
409 1441 538 1502 studium
550 1453 608 1508 tam
621 1439 785 1522 insignibus
798 1441 980 1502 documentis
996 1440 1169 1523 pateluotum
1182 1453 1238 1512 est,
1251 1459 1386 1523 praeser-

348 1543 400 1603 tim
412 1555 550 1622 quum,ut
560 1541 662 1601 ovibus
671 1543 732 1602 suis
742 1540 917 1602 cumulatius
929 1542 1064 1622 prodesse
1081 1553 1177 1624 posset
1191 1553 1221 1604 et
1234 1541 1386 1604 effioaeius

349 1643 512 1710 consulere.
529 1642 563 1702 ad
575 1641 677 1703 Sedem
690 1641 884 1722 Apostolieam
897 1654 926 1702 et
942 1645 1060 1703 Matrem
1076 1642 1261 1704 eeclesiarum
1274 1663 1385 1705 oonsu-

349 1743 461 1804 lendam
474 1742 668 1804 ‘incommoda
688 1743 852 1803 valetudiue
866 1763 899 1804 ao
914 1744 1018 1804 devexa
1031 1742 1091 1825 jum
1111 1755 1205 1805 uetete
1217 1745 1249 1804 in
1268 1744 1384 1806 ltaliam

348 1845 445 1907 venire
460 1856 488 1905 et
503 1843 537 1904 ad
558 1843 725 1905 Pontificem
744 1844 880 1905 accedere
900 1844 1023 1906 ‘minime
1042 1843 1231 1921 recusaverit)
1253 1844 1385 1925 benigne

349 1947 411 2028 ejus
424 1944 559 2028 precibus
573 1944 733 2015 concessit,
752 1955 784 2004 ut
798 1945 840 2016 si,
858 1965 947 2026 quum
969 1956 1068 2006 orator
1088 1967 1104 2006 e
1122 1947 1181 2007 vita
1196 1945 1384 2026 migraverit,

348 2046 506 2129 capitulum
528 2045 699 2126 dissipatum
715 2045 766 2116 sit,
783 2044 882 2127 quini,
898 2046 946 2126 qui
965 2045 1093 2108 membra
1113 2037 1242 2128 ejusdem
1259 2048 1384 2130 capituli
1488 2127 1489 2130 Ἴ

349 2149 417 2219 sint,
430 2148 516 2209 simul
532 2161 681 2216 coeuntes,
698 2150 721 2207 si
735 2147 831 2229 plures
842 2146 997 2209 eonvenite
1008 2167 1067 2209 nou
1081 2147 1209 2229 possint,
1227 2148 1383 2211 nominare

348 2250 461 2311 valeant
477 2270 567 2310 uuum
583 2249 642 2310 sive
660 2248 756 2330 plures
769 2236 893 2309 viearios
915 2249 1063 2327 generales
1078 2249 1114 2309 ad
1133 2249 1289 2310 dioecesim
1308 2255 1384 2312 but·

348 2351 527 2433 verpieusem
543 2362 571 2410 et
587 2361 698 2430 partem
717 2347 956 2431 Sylveedueeusls
977 2349 1112 2431 episeopo
1132 2350 1240 2410 oratori
1259 2369 1385 2412 conere-

273 2449 275 2453 ’
348 2452 438 2512 (litam
455 2449 630 2529 regendam:
645 2451 723 2530 iique
736 2449 837 2509 vieerii
852 2449 1000 2529 generales
1015 2448 1201 2512 leerrltatibus
1218 2449 1384 2532 arietibus

349 2551 486 2612 omnibus
500 2561 635 2622 utarrtur,
657 2547 762 2630 quibus
781 2549 912 2630 legitime
930 2560 1054 2610 utuntur
1074 2549 1123 2631 qui
1146 2549 1246 2611 ricerii
1266 2549 1384 2632 capitu-

349 2655 423 2715 lares
438 2652 589 2713 eonstituti
606 2661 686 2720 sunt,
700 2668 775 2733 quae
798 2649 949 2712 liacultates
969 2652 1083 2713 valeant
1103 2651 1195 2713 donee
1213 2650 1299 2713 aliter
1313 2673 1383 2736 pro-

350 2755 491 2816 videatur.

392 2879 406 2913 o
432 2859 501 2916 ltem
516 2852 722 2914 Sanctissimus
734 2851 837 2912 iisdem
849 2850 885 2912 de
897 2851 991 2912 eausis
1002 2851 1137 2933 episeopo
1151 2851 1259 2914 oratori
1271 2854 1383 2914 eonlir-
1485 2925 1486 2928 Ἴ

351 2957 439 3018 mavit
455 2955 605 3016 laeultates
619 2971 719 3014 omnes
743 2951 984 3013 extraordinarias
998 2953 1025 3013 ei
1037 2952 1097 3034 jam
1114 2966 1198 3014 antea
1213 2971 1382 3028 eonoessas,

352 3071 413 3120 tum
428 3056 498 3117 elias
512 3073 613 3114 omnes
627 3063 655 3113 et
673 3053 802 3133 singulas
817 3051 942 3122 addidit,
958 3065 1016 3114 tam
1032 3053 1061 3113 in
1077 3052 1277 3135 spiritualibus
1292 3075 1382 3136 quam

350 3159 381 3220 in
394 3154 601 3239 temporalibus
615 3173 687 3234 quae
698 3151 814 3214 saeculo
831 3153 885 3214 boe
896 3155 982 3214 XVlll
994 3153 1081 3215 alicui
1091 3173 1125 3219 ex
1136 3154 1279 3237 episeopis
1291 3155 1382 3220 etiarn

351 3272 430 3321 extra
445 3256 577 3319 ordinem
592 3273 608 3314 a
627 3256 656 3316 S.
674 3254 747 3315 Sede
764 3273 918 3315 eoneessae
934 3265 1016 3324 suut,
1040 3267 1071 3315 ut
1085 3253 1196 3316 scilieet
1209 3254 1272 3327 bis,
1287 3255 1382 3319 donee

347 3361 431 3422 aliter
447 3358 594 3441 provisum
610 3355 714 3426 fuerit,
728 3375 909 3437 peromnem
926 3355 1081 3417 dioecesim
1098 3356 1338 3438 dutverpiensem
1352 3368 1382 3419 et

350 3461 534 3525 commissam
546 3457 601 3519 sibi
614 3456 875 3540 partem-dioecesis
885 3456 1130 3538 Sylvaedueensis,
1143 3469 1194 3519 aut
1204 3455 1267 3539 ejus
1277 3459 1381 3521 ricerii

351 3561 499 3646 generales
513 3570 645 3629 utantur,
659 3557 778 3639 perinde
789 3577 822 3618 eo
833 3558 859 3619 si
869 3557 917 3620 bie
931 3558 1101 3639 singillatim
1112 3579 1261 3641 expressae
1271 3575 1380 3636 esseut,
1484 3557 1485 3560 ’

349 3667 404 3728 bae
418 3665 447 3726 iu
461 3685 492 3724 re
506 3661 677 3723 auctoritate
691 3661 848 3744 apostoliea
864 3661 988 3742 fungens
1002 3665 1088 3724 etiam
1104 3675 1136 3724 ut
1156 3668 1279 3746 laegatus
1294 3685 1381 3747 apos·
1483 3741 1484 3744 Ἴ

352 3767 464 3831 tolieus.
487 3769 528 3826 lta
549 3778 644 3825 tanuen
666 3775 697 3823 ut
715 3776 831 3845 paratus
855 3765 894 3824 sit
915 3785 1028 3846 semper
1049 3785 1165 3836 eorum,
1185 3786 1258 3847 quae
1276 3766 1312 3827 ad
1335 3789 1381 3830 res

351 3866 522 3950 temporales
546 3865 605 3926 sive
629 3864 826 3925 beneficiarius
850 3865 1010 3946 pertinent,
1034 3866 1058 3925 si
1086 3878 1204 3946 rogatus
1228 3885 1262 3926 ao
1278 3865 1380 3950 jussus
1482 3895 1484 3900 ’

351 3970 454 4039 luerit,
469 3971 498 4028 S.
512 3965 579 4028 Sedi
600 3965 738 4032 rationem
756 3963 887 4036 reddere,
901 3985 949 4037 ae,
963 3965 987 4026 si
1003 3964 1065 4027 lieri
1080 3966 1185 4048 possit,
1200 3965 1294 4028 eidem
1309 3987 1380 4050 sup-
1482 3989 1483 4012 ³
