2990 4918
800 479 954 580 (rao)

357 615 465 681 decreti
484 617 634 700 apostolici
654 617 690 681 de
707 617 873 702 juramento
892 621 950 684 odii
972 620 1002 684 in
1023 618 1334 704 regiam-potestatem.
1350 655 1388 670 -·

358 720 439 782 Edit.
454 721 637 800 sotatur.
680 769 682 774 .
1069 731 1072 739 ¹
1153 773 1157 782 .
1218 775 1221 780 ,

362 871 365 877 ,
397 825 435 883 lt
452 823 575 901 cosdem
596 827 708 882 arensis.
732 822 907 906 Antvcrpiae
927 822 1091 907 publicatur
1112 821 1336 892 concordatum,
1352 832 1388 884 ‚ot

356 922 518 985 celebratur
533 921 648 1004 publica
663 922 790 1006 primum
804 945 920 986 sacrum
934 945 950 986 a
965 924 1114 986 sacerdote
1124 943 1186 986 'non
1196 921 1306 1005 jurato.

395 1028 435 1086 16
446 1029 527 1086 moti.
539 1024 886 1087 Reconciliatorocclcsia
898 1025 1069 1088 cathedralis
1082 1028 1113 1086 B.
1126 1023 1231 1086 llariao
1244 1023 1387 1104 Virginis.

353 1137 383 1188 et
403 1125 432 1186 in
452 1145 483 1187 ca
502 1143 568 1187 cum
592 1145 698 1207 magno
716 1125 816 1209 populi
837 1145 979 1204 concursu
1003 1127 1135 1189 divinum
1156 1124 1284 1188 officinm
1305 1145 1387 1208 pera-

354 1226 444 1306 gitur.
849 1279 852 1284 .
1061 1279 1067 1291 .
1171 1279 1174 1286 ⁴

395 1331 435 1391 50
448 1330 571 1408 &oedem
582 1333 696 1390 menna.
713 1328 825 1390 Literac
838 1329 996 1391 vicariatus
1008 1327 1233 1390 admonerem
1248 1331 1386 1411 Capram,

354 1427 459 1517 quihus
470 1430 623 1510 exponitur
632 1429 741 1510 negotii
751 1430 915 1512 juratorum
927 1430 1028 1490 exitus.
1045 1429 1161 1492 -Aetu
1172 1434 1257 1508 episc.
1271 1429 1386 1508 [0168.

359 1575 362 1582 ·
398 1533 434 1592 18
455 1531 545 1609 junii.
570 1531 757 1612 antverpiam
781 1530 953 1592 adferuntur
972 1530 1072 1593 literae
1091 1531 1121 1593 S.
1145 1531 1387 1612 congregationis

353 1633 388 1694 ale
410 1632 598 1716 Propaganda
616 1633 700 1705 Fido,
721 1634 845 1716 scriptae
870 1635 979 1696 Romae
1000 1630 1047 1693 die
1071 1631 1182 1714 8.maii
1203 1631 1239 1694 ad
1261 1633 1387 1697 ¹vicarios

352 1737 525 1818 Antverpiae
544 1748 772 1806 commorantes,
789 1733 824 1796 clo
845 1733 1051 1796 constituendo
1070 1733 1107 1794 in
1123 1745 1203 1814 parto
1220 1736 1327 1796 Batava
1347 1734 1387 1795 vi·

354 1837 432 1899 cario
447 1836 614 1918 apostolico.
627 1871 670 1888 1-
685 1836 757 1898 tota.
771 1839 821 1916 sol.
835 1857 863 1897 u»
878 1840 928 1898 70.

393 1942 434 2000 ne
444 1938 543 2000 eodem
559 1937 675 2020 negotio
690 1936 726 1999 ab
741 1937 839 1999 cadem
853 1937 1085 2017 congregatione
1099 1937 1208 1998 Romae
1221 1935 1269 1997 die
1285 1941 1298 1996 1
1319 1937 1386 2000 maii

312 2049 315 2057 '
354 2041 455 2102 literae
468 2041 592 2123 scriptae
609 2041 723 2102 lucrant
733 2039 768 2100 ad
783 2039 905 2102 vicarios
918 2038 1073 2100 Brodauos.
1089 2070 1129 2088 *-
1145 2039 1282 2119 lbidrsol.
1297 2045 1346 2100 7t.
1361 2069 1364 2078 .

394 2144 413 2203 1
426 2144 507 2221 jutta
528 2146 581 2204 Per
599 2142 806 2204 concordatum
823 2143 900 2203 inter
916 2141 1016 2202 sedern
1031 2139 1219 2222 apostolicam
1235 2152 1266 2201 et
1279 2139 1386 2220 guber-

351 2241 433 2302 nium
449 2242 627 2304 Gallicanum
641 2243 747 2303 initum
758 2242 805 2304 die
824 2248 859 2306 15
871 2241 939 2324 julii
955 2244 1028 2303 1801
1049 2239 1192 2302 sancitum
1205 2252 1267 2302 erat
1280 2249 1385 2302 novam

255 2372 258 2376 ⁴
355 2343 515 2406 faciendam
538 2364 599 2406 esse
620 2345 795 2404 dioecesium
820 2342 1129 2425 circumscriptionem.
1151 2342 1278 2403 rideam
1304 2363 1386 2425 pera-

353 2443 477 2524 gendam
492 2446 629 2506 Summus
644 2445 777 2506 Pontifex
795 2446 864 2506 Pius
875 2444 940 2516 vn,
959 2465 1011 2527 per
1023 2443 1196 2526 apostolicas
1210 2443 1310 2506 literas
1327 2446 1387 2523 Qui

354 2546 467 2608 Christi
477 2548 595 2608 Domini
600 2591 607 2616 ,
619 2546 794 2628 suppressit,
810 2545 972 2606 annullavit
985 2557 1013 2606 et
1027 2556 1167 2627 perpetuo
1180 2544 1301 2606 extinxit
1316 2545 1386 2606 tito*

354 2647 414 2707 lum
430 2657 457 2707 et
474 2646 739 2724 denominationum
754 2647 943 2708 eeclesiarum.
959 2645 1246 2729 archiepiscopalium
1264 2659 1295 2708 ct
1310 2649 1386 2728 epis·

353 2746 497 2829 copalium
514 2748 603 2808 totius
617 2747 726 2810 Galliae
738 2761 767 2810 ct
781 2749 933 2829 regionum
949 2748 1016 2808 lrnic
1032 2746 1207 2829 reipublicae
1222 2749 1384 2819 unitarum,

354 2869 411 2910 una
431 2870 497 2910 cum
516 2869 614 2911 earum
636 2851 782 2932 capitulis,
801 2850 935 2932 juribus,
955 2849 1114 2932 privilegiis
1131 2861 1162 2910 et
1179 2849 1386 2931 praerogativis

352 2949 802 3032 cujuscumqncgenerisperexit
816 2950 919 3013 deindo
933 2971 966 3012 ao
979 2950 1016 3011 de
1031 2970 1106 3011 novo
1120 2949 1272 3011 constituit
1286 2949 1384 3010 decem

353 3051 488 3112 ccclesias
505 3050 743 3133 metropolitanas
764 3072 797 3111 ac
817 3052 1026 3132 quinquaginta
1046 3050 1180 3112 ecclesias
1197 3051 1386 3132 episcopales,

352 3153 491 3215 cardinali
511 3156 652 3234 Caprarae
666 3172 738 3213 onus
758 3153 911 3234 imponens
925 3172 1015 3214 novos
1033 3152 1104 3213 lines
1121 3151 1301 3232 singularum
1321 3151 1386 3213 illa·

354 3276 418 3317 rum
440 3254 624 3317 ecclesiarum
646 3254 828 3316 decernendi.
856 3258 936 3316 Novo
958 3255 1012 3316 hoc
1037 3265 1133 3316 rernm
1153 3255 1256 3317 ordine
1278 3269 1386 3317 metro·

352 3357 480 3440 politana
496 3356 710 3420 Mechliniensis
728 3356 947 3440 circumscripta
963 3357 1018 3419 suit
1036 3356 1179 3419 limitibus
1194 3357 1311 3418 illorum
1326 3357 1385 3418 dis·

352 3459 493 3520 trictuum
514 3458 563 3539 qui
578 3477 594 3517 a
607 3456 779 3529 fluminibus
803 3458 913 3520 Nethae
936 3473 965 3520 et
985 3459 1071 3541 Dylae
1096 3462 1317 3537 tdtportrmcnts
1336 3461 1385 3520 deo

352 3560 556 3620 Deua-Neritos
570 3571 594 3618 ct
608 3561 642 3618 de
655 3560 684 3617 to
705 3560 795 3635 Dyle)
809 3579 914 3620 nomen
931 3571 1001 3621 tunc
1019 3557 1199 3620 obtinebant.
1213 3556 1315 3619 lnahao
1325 3559 1384 3619 cir·

353 3658 579 3740 cumscriptione
594 3659 655 3740 ipsa
670 3657 771 3720 civitas
790 3672 818 3719 et
839 3659 963 3721 maxima
982 3679 1049 3742 pars
1062 3659 1204 3722 extinctae
1221 3659 1385 3720 dioeceseos

354 3757 572 3840 Antvcrpieusis
586 3757 819 3820 continebantur.

397 3858 439 3920 sd
455 3879 562 3921 novum
574 3858 850 3943 archiepiscopatum
867 3871 1017 3942 promotus
1027 3873 1070 3921 est
1080 3863 1206 3923 loannes
1219 3858 1385 3921 Armandus

358 3959 394 4020 de
406 3959 599 4044 Roquelaure‚
616 3959 685 4020 olim
697 3961 848 4044 episcopus
859 3960 1104 4045 sylvanectensis,
1117 3960 1165 4043 qui
1181 3959 1257 4021 sedis
1266 3957 1386 4022 llcclrli-
