2990 4918
580 823 603 897 t.
624 821 696 882 11111.

285 1001 438 1064 Cornelios
449 1003 629 1064 Fruneisoua
640 1005 673 1064 dc
686 1003 779 1074 Nolis,
795 1006 821 1064 X
829 1004 898 1067 VIII
907 1008 991 1084 episc.

161 1161 330 1226 Praesulum
346 1162 586 1244 huverpiensium
607 1161 709 1225 scriem
726 1163 863 1226 terminat
880 1165 1032 1229 Cornelius
1054 1168 1154 1229 Fron-

116 1270 212 1326 ciscus
233 1267 267 1326 dc
287 1265 367 1328 Nclis
387 1267 415 1334 ¹,
437 1265 486 1346 qui
508 1263 554 1324 die
577 1268 616 1326 15
644 1264 782 1326 februarii
808 1269 886 1328 1785
916 1265 952 1326 ab
980 1265 1153 1349 imperatore

115 1364 245 1446 losepho
257 1366 279 1423 ll
291 1363 473 1436 nominatus,
489 1377 517 1426 et
533 1385 599 1426 mox
614 1369 722 1427 Rourae
736 1365 936 1438 confirmatus,
948 1366 994 1427 die
1006 1370 1044 1428 ⁶25
1054 1369 1154 1450 aprilis

115 1467 304 1550 episcopatus
320 1467 529 1548 possessionem
545 1487 595 1548 per
609 1481 825 1552 procuratorem
840 1467 926 1540 adiit,
941 1487 974 1530 ac
988 1468 1153 1551 diejunii5

116 1579 307 1629 consecratus
321 1579 363 1628 est
379 1565 537 1630 Mechlioae
553 1589 604 1650 per
618 1568 793 1630 cardinalem
809 1567 1054 1654 archipiscopum,
1069 1572 1155 1632 assis-

117 1667 252 1730 tentibus
277 1666 431 1727 Guilielmo
458 1667 603 1729 Florentio
626 1667 808 1732 Salm·Salm
833 1670 1007 1731 Tornacensi
1032 1683 1059 1732 et
1083 1672 1153 1732 Gui-

116 1769 221 1832 lielmo
236 1767 323 1829 retici
340 1772 458 1828 Brenart
471 1769 611 1849 Brugensi
623 1770 780 1852 episcopis,
794 1771 967 1854 antverpiae
978 1791 1047 1833 vero
1059 1793 1152 1856 recep·

119 1883 170 1932 tus
184 1869 354 1931 solemniter
368 1868 415 1929 die
430 1875 447 1930 7
461 1869 589 1951 ejusdem
606 1871 713 1932 mensis
723 1870 810 1953 junii.

161 1970 334 2034 hleehIIniae
349 1969 396 2031 die
410 1975 428 2034 5
439 1969 517 2053 junii
535 1975 612 2033 1765
627 1985 766 2034 natusest
780 1984 861 2055 patre
874 1973 1008 2035 Cornelio
1020 1986 1048 2035 et
1064 1987 1155 2047 matre

120 2073 261 2137 Theresia
275 2073 465 2136 Walschaert.
486 2074 657 2135 adolescens
672 2074 790 2136 Lovanii
809 2074 844 2135 ad
859 2074 954 2136 studia
968 2076 1008 2136 ita
1026 2077 1155 2140 animum

118 2173 265 2257 applicuit
279 2187 308 2234 et
324 2173 354 2233 in
370 2171 476 2234 scholis
490 2171 697 2257 philosophicis
711 2175 752 2235 ita
768 2175 916 2247 excelluit,
933 2188 965 2237 ut
984 2195 1061 2238 auno
1077 2182 1155 2239 1755

120 2277 237 2360 primus
250 2276 280 2337 in
292 2274 418 2355 generali
432 2275 545 2336 Artium
562 2276 744 2358 promotione
757 2275 844 2338 luerit
856 2278 1051 2339 renunciatus.
1062 2278 1155 2340 Theo·

120 2377 230 2458 logicis
242 2375 405 2458 disciplinis
422 2375 526 2437 deiude
540 2375 688 2449 incubuit,
705 2391 733 2440 et
747 2377 881 2440 licentiae
895 2377 1016 2460 gradum
1035 2380 1155 2464 adeptus

120 2491 167 2540 est
180 2477 228 2539 die
239 2481 259 2540 6
272 2476 339 2538 maii
354 2479 440 2538 1760.

165 2581 284 2640 Praeses
311 2576 434 2639 subinde
461 2577 637 2639 constitutus
666 2577 759 2640 suerat
785 2579 899 2659 collegii
927 2579 1155 2655 lllechliniensis;

119 2700 273 2764 quumque
295 2677 470 2762 praeclaram
492 2677 547 2739 sibi
569 2678 762 2740 eruditionem
787 2679 902 2741 assiduo
923 2680 1020 2742 studio
1042 2702 1157 2766 compa-

120 2792 217 2844 rasset
243 2792 271 2840 et
286 2779 315 2840 in
331 2777 423 2839 literis
443 2778 532 2839 sacris
552 2798 585 2839 ac
606 2779 735 2861 profanis
758 2781 889 2860 egregise
910 2793 1041 2842 versatus
1066 2797 1156 2855 esset,

121 2880 318 2945 bibliothecae
336 2879 516 2940 academicae
530 2901 599 2941 eura
614 2901 647 2942 ae
661 2880 792 2942 custodia
806 2881 832 2941 ei
852 2883 1005 2942 commissa
1026 2884 1089 2944 luit.
1106 2885 1156 2945 lllo

120 2981 289 3063 defungens
309 2999 429 3041 munere
449 2979 540 3041 edidit
567 2981 642 3064 typis
662 2981 833 3043 academicis
857 2983 995 3064 opuscula
1016 2985 1156 3068 nonnulla

120 3085 258 3149 historici
270 3097 299 3146 et
311 3083 501 3168 philosophici
517 3085 694 3165 argumenti,
707 3105 780 3168 quae
795 3086 900 3167 passim
916 3106 932 3146 a
946 3085 1156 3172 bibliographis

123 3199 316 3250 recensentur
329 3187 353 3247 ².

167 3287 254 3350 Anno
268 3289 347 3348 1767
365 3285 475 3348 accitus
488 3287 666 3359 Tornacuur,
682 3286 731 3349 ubi
748 3287 809 3370 jam
825 3308 841 3348 a
861 3287 979 3350 biennio
995 3289 1158 3372 praebenda

162 3490 171 3520 ¹
189 3491 242 3540 Van
251 3489 375 3554 deVelde,
384 3488 496 3554 Synope.
512 3504 637 3556 monum,
656 3499 714 3541 tom.
726 3491 776 3556 ΙΙ,
786 3491 1050 3556 ρ.515111ο11ι.111,
1062 3507 1088 3555 p.
1101 3494 1160 3544 757.

126 3606 161 3616 -
173 3576 201 3626 ld
210 3591 256 3642 ego
265 3591 295 3625 ex
303 3574 432 3626 cardinalis
444 3577 648 3643 Franckenbergii
659 3577 734 3627 literis
742 3577 899 3643 autographis
909 3587 1060 3644 compertum
1070 3578 1159 3648 habeo,

126 3663 198 3716 illurn
207 3662 296 3712 seilicet
304 3662 440 3728 praesulem
448 3663 510 3714 inter
519 3679 571 3732 eos,
582 3680 642 3730 quos
651 3663 732 3714 infulis
739 3664 950 3729 hntverpiensibus
958 3666 1062 3716 maxime
1071 3666 1160 3732 dignos

126 3748 256 3815 censebat,
269 3749 390 3815 gubernio
400 3752 552 3815 proposuisse
566 3752 706 3801 veldenium
717 3760 827 3802 nostrum
843 3752 884 3817 qui
897 3753 994 3802 Loranii
1003 3753 1160 3804 wellensium

128 3837 275 3904 magistrum
287 3845 311 3887 et
321 3837 425 3888 amicum
438 3837 531 3907 habuit,
543 3847 567 3889 et
579 3847 636 3890 tuuc
648 3838 762 3903 temporis
773 3838 950 3903 praefecturam
959 3841 1057 3907 majoris
1066 3841 1161 3907 collegii

128 3927 153 3976 S.
166 3922 269 3989 Spiritus
281 3922 389 3988 gerebat.

164 4009 176 4040 ¹
191 4007 366 4077 'typographia
379 4009 438 4060 haee
450 4008 591 4062 Academica
604 4009 677 4078 ipsius
689 4025 761 4062 suasu
773 4010 883 4064 instituta
896 4011 981 4064 luerat.
