2978 4916
804 450 956 550 (aaa)

363 599 412 652 tur
424 586 460 650 de
474 607 572 652 mansa
587 587 724 652 abbatiali
738 608 812 651 noro
825 589 1005 672 episcopatui
1019 588 1223 672 Antverpiensi
1234 588 1356 653 unienda
1366 593 1388 654 ¹.
1475 639 1476 644 η

347 694 567 754 ·Vernmtamen
590 689 775 771 indignantes
794 691 928 764 monachi
946 688 1080 752 abbatem
1102 690 1158 751 sibi
1178 691 1389 754 commendata-

365 781 440 856 rium
455 793 582 876 imponi,
592 813 641 854 seu
656 792 705 875 qui
719 790 754 854 de
768 812 820 854 suo
833 792 945 874 gremio
960 803 1119 862 necasset,
1134 791 1248 854 nullum
1260 813 1319 855 non
1335 813 1389 855 nro·

364 879 468 957 verunt
482 895 622 978 lapidem,
638 907 671 956 ut
684 914 759 956 ontis
773 895 828 957 boc
843 915 859 956 a
874 915 905 956 se
921 906 1097 956 amoverent.
1112 898 1154 956 Ao
1168 896 1263 978 primo
1278 895 1388 978 quidem
1474 915 1476 944 ἐ

357 977 450 1060 1νεδιιε
470 997 500 1058 in
520 997 621 1078 Belgio,
637 995 718 1059 valde
739 996 878 1069 turbatio,
894 995 1060 1059 facultatem
1079 995 1232 1060 obtinuere
1245 1017 1294 1060 an.
1318 1001 1389 1062 1561

364 1120 471 1162 novum
487 1099 540 1159 sibi
556 1097 689 1160 abbatem
705 1098 860 1180 deligendi.

403 1201 500 1262 XXXl.
525 1200 647 1260 Ibamus
667 1201 729 1262 Van
746 1202 848 1270 Tttett,
865 1200 1031 1262 monasterii
1048 1199 1193 1282 professus
1207 1212 1238 1262 et
1251 1201 1388 1282 pastorio
1474 1199 1476 1246 f

364 1321 437 1384 pago
451 1301 486 1362 de
500 1299 709 1373 Oudenbosch‚
725 1299 928 1382 suffragiorum
943 1300 1109 1384 pluralitate
1122 1302 1157 1362 ad
1176 1301 1322 1364 abbatiale
1332 1323 1390 1364 mu·

365 1423 420 1464 nus
430 1414 594 1484 assumptus
605 1414 663 1474 est,
676 1414 736 1464 tom
750 1401 919 1465 benedictus
932 1401 1049 1464 biennio
1060 1415 1139 1484 post.
1149 1421 1183 1463 ae
1195 1403 1225 1463 in
1238 1404 1391 1485 possessio·
1475 1485 1476 1488 Ἴ

365 1522 431 1566 nem
446 1503 593 1564 immissus
608 1502 747 1584 postridie
761 1503 865 1564 natalis
880 1506 911 1564 B.
934 1503 1049 1566 Mariae.
1063 1503 1207 1566 Ordinum
1223 1503 1391 1566 Brabantiae
1475 1523 1476 1526 ’

365 1604 481 1666 comitia
502 1625 567 1665 mox
586 1602 788 1684 frequentantia
806 1603 856 1665 sed
873 1603 938 1687 ejus
957 1603 1060 1666 electio
1075 1605 1184 1665 Romae
1197 1603 1320 1686 probata
1336 1625 1390 1670 uon
1475 1645 1476 1686 5

367 1705 431 1768 fuit.
447 1709 549 1768 Postea
563 1704 672 1770 oblitus
684 1703 845 1766 vocationis
859 1689 940 1778 suae,
954 1703 1025 1787 quin
1040 1717 1069 1766 et
1083 1704 1218 1767 derelicta
1234 1705 1292 1768 fide
1307 1705 1392 1788 majo·

367 1828 431 1869 rum
452 1827 589 1880 suorum,
614 1807 707 1891 primo
729 1806 758 1868 in
778 1807 950 1868 Cliviensem
970 1807 1096 1890 patriam
1118 1805 1289 1888 transfugit,
1310 1808 1391 1870 ducta
1475 1795 1476 1868 l

367 1930 455 1971 uxore
474 1899 583 1971 loanna
601 1929 656 1972 uan
679 1911 819 1971 Wavereu
844 1907 936 1970 nobili
959 1909 1126 1981 dominella;
1150 1929 1184 1970 ao
1209 1911 1390 1991 postmodum

367 2012 495 2076 novellae
514 2010 664 2092 religionis
681 2030 731 2072 seu
749 2009 908 2072 haereticae
925 2010 1075 2092 pravitatis
1093 2010 1227 2072 minister
1247 2009 1305 2073 fuit
1325 2013 1392 2072 llar-
1475 2069 1476 2084 ,

367 2113 462 2185 lamii,
476 2112 635 2195 deindeque
651 2111 766 2195 Delphis
784 2114 972 2183 Batavorum,
986 2109 1217 2182 ubiextremum
1232 2111 1310 2174 diem
1325 2111 1392 2173 obiit

366 2213 443 2274 cirea
459 2215 550 2284 1568,
565 2211 619 2273 sub
638 2211 734 2296 amplo
749 2211 895 2294 epitaphio
909 2223 976 2275 ante
992 2211 1157 2274 cathedram
1172 2212 1293 2294 majoris
1307 2212 1392 2274 eccle·

367 2315 426 2377 siae
449 2312 622 2384 tumulatus3
639 2313 686 2374 cui
703 2311 810 2374 viventi
821 2312 956 2374 -ordtnes
978 2312 1126 2375 Foederati
1146 2314 1239 2394 belgii
1256 2314 1390 2398 majorem

367 2414 510 2477 honorum
522 2413 653 2476 abbatiae
664 2416 693 2477 S.
706 2414 844 2476 Bernardi
855 2425 975 2497 partem,
987 2436 1060 2499 quae
1074 2415 1143 2478 fisco
1153 2437 1206 2478 suo
1217 2417 1391 2488 addixerant,

362 2535 533 2602 concessare
544 2518 567 2577 ¹.
579 2515 698 2576 interim
711 2526 775 2597 post
790 2515 946 2578 discessum
956 2515 1094 2590 Thomas,
1109 2515 1254 2600 praefecto
1266 2519 1299 2580 in
1313 2519 1393 2603 spiri-

367 2617 494 2681 tualibus
505 2619 614 2678 Joanne
626 2615 717 2677 Croke
728 2616 837 2699 priora,
856 2616 1018 2679 laboratum
1030 2629 1074 2678 est
1088 2639 1140 2700 pro
1155 2618 1304 2682 erectione
1322 2620 1392 2702 epis·
1475 2627 1476 2636 ’

368 2730 488 2800 topatus
503 2717 733 2800 antuerpiensis,
749 2737 835 2798 quam
849 2717 918 2778 totis
937 2715 1048 2792 viribus
1062 2718 1202 2800 impedire
1216 2720 1391 2784 conabantur
1475 2749 1476 2752 ¹

364 2815 515 2890 monachi,
530 2818 579 2880 sed
595 2817 710 2880 frustra.
726 2819 841 2881 Etenim
857 2830 1008 2902 postquam
1023 2820 1135 2882 vacavit
1149 2821 1230 2905 sedes
1245 2821 1391 2885 abbatialis
1475 2841 1476 2892 j

369 2922 454 2982 annis
466 2918 579 2981 duobus
593 2930 621 2980 et
636 2932 701 2981 octo
715 2919 872 2982 mensibus.
936 2923 939 2932 '

410 3025 516 3084 XXXll.
537 3023 711 3088 fronciacus
725 3023 851 3084 Sannina
866 3034 1003 3104 tanquam
1018 3023 1130 3106 primus
1142 3025 1390 3107 Antvarpiensium

369 3127 534 3209 episcopus,
548 3125 715 3206 primusque
728 3125 795 3185 Loci
810 3124 901 3185 sancti
917 3123 1055 3186 Bernardi
1070 3125 1333 3188 commendatarius
1346 3127 1393 3187 ab·

370 3219 429 3300 bas,
441 3247 493 3286 suo
505 3227 622 3286 nomine
635 3226 841 3306 possessionem
855 3224 986 3288 abbatiae
997 3226 1060 3309 capi
1072 3227 1183 3288 curavit
1195 3227 1242 3288 die
1251 3228 1392 3311 blaprilis
1475 3251 1476 3308 3

369 3349 416 3390 an.
433 3329 523 3399 1570,
538 3327 692 3410 statimque
705 3327 899 3409 praepositum
910 3327 1072 3409 regularem
1080 3328 1244 3397 constituit.
1256 3333 1326 3392 Post
1334 3329 1391 3392 obi·
1475 3317 1476 3320 ¹

369 3444 431 3492 tum
447 3429 567 3500 Sonnii,
583 3419 631 3511 qui
646 3429 770 3507 contigit
787 3448 863 3488 anno
882 3431 975 3501 1576,
994 3429 1225 3512 praevalentibus
1245 3431 1276 3492 in
1299 3430 1391 3512 Belgio
1475 3433 1476 3502 ᾖ

370 3533 579 3594 baereticorum
598 3551 631 3592 ac
652 3521 853 3593 rebellantium
874 3531 1062 3604 factionibus
1081 3533 1205 3596 Ordines
1221 3534 1311 3616 belgii
1327 3554 1391 3596 con·

370 3634 487 3696 stitutus
500 3631 679 3694 abbatiarum
698 3632 819 3696 uniones
834 3632 1023 3696 resciderunt.
1039 3638 1132 3718 Atque
1147 3635 1187 3698 ita
1201 3634 1346 3722 deputatis
1358 3635 1390 3698 ad
1475 3625 1476 3650 ³

402 3889 411 3922 ¹
433 3888 485 3940 vta.
498 3905 570 3955 supra
582 3905 606 3956 p.
618 3890 650 3939 26
662 3895 687 3938 et
699 3903 766 3954 seqq.

403 3975 413 4004 ¹
430 3977 478 4032 cfr.
491 3979 542 4028 van
553 3978 583 4028 de
593 3976 679 4043 valde,
691 3975 800 4042 Syoopr.
813 3990 927 4028 monum.
940 3983 956 4028 t.
971 3977 995 4043 1,
1008 3989 1031 4040 p.
1044 3975 1083 4028 78.
1140 4035 1143 4038 ,
