3012 4912
815 468 971 610 co·

806 832 829 906 p.
851 831 921 900 xtu.

615 1017 740 1081 Carolus
754 1019 944 1108 dEspiooso,
959 1015 1023 1080 ΧΠ
1035 1021 1119 1095 episc.

340 1231 342 1234 ·
390 1199 524 1261 Nascitur
534 1197 782 1270 Teneramundae,
794 1197 989 1280 patreDidaco
999 1198 1103 1260 Gomez
1116 1197 1294 1281 d'llspinosa,
1304 1201 1381 1263 arcis

349 1300 502 1384 praelecto.
521 1301 684 1362 Canonicus
698 1301 734 1361 ad
755 1301 783 1362 S.
799 1299 943 1362 Gudulam
959 1298 1114 1370 Bruxellis,
1129 1299 1225 1373 ordini
1241 1302 1379 1364 Fratrum

347 1403 559 1485 Capucinorum
576 1423 682 1463 nomen
696 1401 784 1462 dedit.
799 1404 883 1462 Anno
898 1413 994 1462 autem
1009 1403 1086 1462 libb
1101 1399 1148 1462 die
1158 1403 1199 1462 29
1212 1399 1380 1465 novembris

347 1515 531 1566 consecratus
550 1516 593 1564 est
612 1503 763 1584 episcopus
778 1499 975 1582 suffraganeus
995 1522 1044 1562 scu
1063 1501 1214 1584 coadjutor
1232 1503 1378 1586 archicpi-

347 1604 425 1687 scopi
438 1603 652 1666 Mecbliniensis
667 1603 793 1663 Thomae
808 1602 933 1685 Philippi
950 1603 1027 1681 (licet
1037 1601 1085 1664 hic
1098 1623 1199 1664 omnes
1211 1602 1379 1667 functiones

347 1705 503 1786 pastorales
520 1724 570 1786 per
590 1725 620 1764 se
633 1724 745 1785 semper
759 1702 940 1784 expleverit),
957 1703 1040 1764 titulo
1055 1703 1181 1786 episcopi
1201 1703 1377 1768 Tricalensls

347 1805 377 1865 in
401 1804 532 1887 partibus
553 1803 723 1864 infidelium.
746 1804 851 1864 blariae
870 1802 1050 1867 Eliznbctbae
1072 1805 1282 1866 archiducissne
1304 1809 1382 1869 bus·v

346 1907 432 1977 triae,
445 1907 534 1988 Belgii
550 1906 761 1988 gubernatrici,
774 1907 814 1966 ita
827 1905 953 1988 placuit,
967 1919 1000 1967 nt
1013 1906 1049 1968 ab
1064 1928 1096 1968 ca
1111 1909 1140 1969 in
1157 1909 1250 1970 aulam
1265 1909 1377 1974 accitus

346 2007 450 2077 fuerit,
470 2020 499 2068 et
520 2007 550 2068 iu
572 2006 804 2068 solemnitatibus
819 2005 1073 2088 principalioribus
1092 2028 1188 2069 coram
1206 2009 1267 2092 ipsa
1286 2011 1378 2074 sacris

347 2109 562 2192 pontificialitcr
572 2121 750 2191 operaretur.
763 2109 815 2170 Die
830 2113 866 2171 19
877 2108 1122 2172 decenbristtat
1136 2109 1170 2171 ad
1183 2110 1274 2193 ipsius
1284 2111 1377 2174 archi·

347 2210 478 2273 ducissae
499 2209 667 2271 instantiam
687 2208 844 2292 diplomate
859 2227 989 2270 caesareo
1007 2209 1042 2270 ad
1065 2222 1212 2272 vacantem
1230 2211 1378 2296 episcopa·

347 2325 411 2374 tum
426 2312 663 2394 Antverpieusem
678 2312 845 2374 nominatus
860 2323 911 2373 est.
1251 2295 1253 2302 ⁸

387 2412 479 2474 Bullis
500 2412 698 2475 translationis
718 2417 827 2476 Romae
844 2433 895 2495 per
911 2413 1088 2474 Clementem
1105 2410 1156 2473 Xll
1173 2399 1223 2474 itte
1243 2415 1282 2474 ll
1295 2412 1376 2501 junii

349 2517 428 2576 1728
442 2512 595 2595 expeditis,
611 2513 657 2575 dic
675 2519 710 2576 ts
722 2513 788 2597 julii
805 2513 881 2575 sedis
895 2535 962 2576 suae
977 2513 1185 2596 possessionem
1197 2513 1308 2596 accepit
1323 2535 1377 2599 per

346 2628 562 2699 procuratorem
577 2615 719 2677 Audenam
732 2615 783 2677 Del
798 2614 932 2686 Marmol,
954 2615 1089 2676 ecclesiae
1103 2612 1275 2675 cathedralis
1288 2613 1374 2678 deca·

348 2737 436 2790 num,
452 2737 536 2799 quam
552 2717 637 2799 paulo
652 2729 716 2800 post
732 2717 853 2799 ipsemet
867 2717 946 2777 adiit.

389 2818 470 2879 Licet
490 2817 685 2901 episcopatum
706 2819 765 2900 jam
786 2816 1022 2898 septuagenarius
1042 2816 1218 2891 inchoasset,
1239 2815 1375 2884 eumdem

349 2933 445 2982 tamen
462 2941 511 3002 per
523 2941 615 2982 annos
629 2919 845 3003 quatuordecim
861 2919 945 2980 lortis
966 2940 999 2981 ac
1021 2931 1137 3001 vegetus
1155 2941 1207 3004 per
1220 2939 1251 2982 sc
1268 2920 1376 3002 guber-

349 3021 441 3093 navit,
461 3020 532 3082 nibil
556 3041 682 3103 unqnanr
702 3021 884 3102 desuscepto
903 3019 1013 3102 pridem
1033 3020 1245 3102 Capucinorum
1260 3019 1375 3083 ordinis

351 3122 447 3204 rigore
462 3123 621 3183 remittens.
1317 3125 1319 3128 ’

393 3227 470 3287 trus
489 3227 533 3284 die
552 3229 591 3286 to
603 3225 683 3302 jotti.
705 3222 870 3284 Monosterii
884 3220 1093 3284 Vlierbacensis
1113 3221 1285 3284 auctoritate
1304 3240 1375 3304 apo-

349 3325 450 3386 stolica
469 3325 601 3387 visitator
620 3323 788 3406 deputatus,
810 3322 942 3384 abbatem
965 3325 1082 3383 Petrum
1099 3323 1288 3395 Pnridanum,
1304 3337 1376 3386 con·

348 3425 529 3487 stitutionem
550 3424 736 3508 apostolicam
758 3427 925 3506 llat'peue'tus
945 3422 1098 3486 admittere
1118 3425 1322 3510 reluctantem,
1337 3422 1375 3485 ab

348 3526 450 3589 ordine
470 3539 499 3588 et
518 3525 721 3608 jurisdictione
740 3524 904 3607 suspendit,
927 3545 1050 3606 eumque
1069 3524 1195 3587 declarat
1211 3524 1375 3586 iucurrisse

349 3647 484 3689 censuras
499 3627 528 3687 in
544 3626 801 3688 constitutionibus
816 3625 973 3708 pontiliciis
987 3624 1072 3698 latas,
1092 3626 1116 3687 si
1130 3627 1206 3689 intra
1221 3640 1278 3688 tres
1291 3645 1376 3688 meu·

349 3748 394 3790 scs
408 3748 465 3789 non
482 3728 638 3810 resipiscat.
656 3765 689 3774 -
706 3727 782 3788 Edit.
801 3728 888 3797 in-l0,
903 3745 988 3809 pagg.
1004 3731 1031 3788 5.

392 3834 429 3890 tt
448 3831 528 3908 jotti.
553 3827 658 3889 Eadem
682 3829 826 3889 sententia
845 3828 902 3889 lata
924 3826 954 3887 in
970 3825 1137 3887 Anselmum
1152 3827 1188 3888 de
1210 3829 1299 3898 bloor,
1314 3827 1376 3887 ble-

352 3930 473 3993 dardunr
491 3932 643 4010 Stegmans
657 3942 686 3990 et
704 3928 869 4010 Philippum
883 3927 1051 4008 Cleymans,
1071 3926 1193 4009 praelati
1207 3925 1378 3989 monasterii

352 4031 512 4113 religiosos.
528 4069 567 4078 -
580 4029 656 4092 Edit.
668 4031 787 4110 BrugiS,
802 4028 889 4100 in-d⁰,
904 4047 988 4111 pagg.
1003 4029 1032 4090 l.
