<?xml version="1.0" encoding="UTF-8"?>
<!DOCTYPE html PUBLIC "-//W3C//DTD XHTML 1.0 Transitional//EN"
    "http://www.w3.org/TR/xhtml1/DTD/xhtml1-transitional.dtd">
<html xmlns="http://www.w3.org/1999/xhtml" xml:lang="en" lang="en">
 <head>
  <title>
</title>
<meta http-equiv="Content-Type" content="text/html;charset=utf-8" />
  <meta name='ocr-system' content='tesseract 3.04.00' />
  <meta name='ocr-capabilities' content='ocr_page ocr_carea ocr_par ocr_line ocrx_word'/>
</head>
<body>
  <div class='ocr_page' id='page_1' title='image "./synopsisactorum00ramgoog_0313.png"; bbox 0 0 3034 4908; ppageno 0'>
   <div class='ocr_carea' id='block_1_1' title="bbox 560 462 700 561">
    <p class='ocr_par' dir='ltr' id='par_1_1' title="bbox 560 462 700 561">
     <span class='ocr_line' id='line_1_1' title="bbox 560 462 700 561; baseline 0.014 -25"><span class='ocrx_word' id='word_1_1' title='bbox 560 462 700 561; x_wconf 70' lang='lat' dir='ltr'>(aar)</span> 
     </span>
    </p>
   </div>
   <div class='ocr_carea' id='block_1_2' title="bbox 575 727 734 836">
    <p class='ocr_par' dir='ltr' id='par_1_2' title="bbox 575 727 734 836">
     <span class='ocr_line' id='line_1_2' title="bbox 575 727 734 836; baseline -0.006 -14"><span class='ocrx_word' id='word_1_2' title='bbox 575 761 598 836; x_wconf 72' lang='lat' dir='ltr'>a.</span> <span class='ocrx_word' id='word_1_3' title='bbox 619 760 689 823; x_wconf 90' lang='lat' dir='ltr'>uu.</span> <span class='ocrx_word' id='word_1_4' title='bbox 732 727 734 734; x_wconf 76' lang='grc'><strong>’</strong></span> 
     </span>
    </p>
   </div>
   <div class='ocr_carea' id='block_1_3' title="bbox 412 918 854 1002">
    <p class='ocr_par' dir='ltr' id='par_1_3' title="bbox 412 918 854 1002">
     <span class='ocr_line' id='line_1_3' title="bbox 412 918 854 1002; baseline 0.005 -20"><span class='ocrx_word' id='word_1_5' title='bbox 412 918 575 983; x_wconf 68' lang='lat' dir='ltr'>decanam</span> <span class='ocrx_word' id='word_1_6' title='bbox 588 920 818 1002; x_wconf 73' lang='lat' dir='ltr'>Berqizomcaait</span> <span class='ocrx_word' id='word_1_7' title='bbox 831 925 854 984; x_wconf 88' lang='lat'>¹.</span> 
     </span>
    </p>
   </div>
   <div class='ocr_carea' id='block_1_4' title="bbox 458 1082 811 1138">
    <p class='ocr_par' dir='ltr' id='par_1_4' title="bbox 458 1082 811 1138">
     <span class='ocr_line' id='line_1_4' title="bbox 458 1082 811 1138; baseline 0.011 -4"><span class='ocrx_word' id='word_1_8' title='bbox 458 1082 480 1134; x_wconf 90' lang='lat' dir='ltr'>l.</span> <span class='ocrx_word' id='word_1_9' title='bbox 497 1085 773 1138; x_wconf 75' lang='lat' dir='ltr'>donaturus-Pennus.</span> <span class='ocrx_word' id='word_1_10' title='bbox 784 1087 811 1138; x_wconf 82' lang='lat' dir='ltr'>L.</span> 
     </span>
    </p>
   </div>
   <div class='ocr_carea' id='block_1_5' title="bbox 160 1205 1120 1294">
    <p class='ocr_par' dir='ltr' id='par_1_5' title="bbox 160 1205 1120 1294">
     <span class='ocr_line' id='line_1_5' title="bbox 160 1205 1120 1294; baseline 0.01 -25"><span class='ocrx_word' id='word_1_11' title='bbox 160 1205 248 1269; x_wconf 84' lang='lat' dir='ltr'>Vicus</span> <span class='ocrx_word' id='word_1_12' title='bbox 262 1205 408 1290; x_wconf 88' lang='lat' dir='ltr'>quondum</span> <span class='ocrx_word' id='word_1_13' title='bbox 422 1227 489 1272; x_wconf 91' lang='lat' dir='ltr'>cnm</span> <span class='ocrx_word' id='word_1_14' title='bbox 503 1207 608 1272; x_wconf 89' lang='lat' dir='ltr'>sacello</span> <span class='ocrx_word' id='word_1_15' title='bbox 623 1231 761 1294; x_wconf 88' lang='lat' dir='ltr'>aquarum</span> <span class='ocrx_word' id='word_1_16' title='bbox 776 1211 967 1277; x_wconf 89' lang='lat' dir='ltr'>inundatione</span> <span class='ocrx_word' id='word_1_17' title='bbox 980 1212 1120 1288; x_wconf 82' lang='lat' dir='ltr'>sublatus.</span> 
     </span>
    </p>
   </div>
   <div class='ocr_carea' id='block_1_6' title="bbox 463 1388 805 1462">
    <p class='ocr_par' dir='ltr' id='par_1_6' title="bbox 463 1388 805 1462">
     <span class='ocr_line' id='line_1_6' title="bbox 463 1388 805 1462; baseline 0.015 -24"><span class='ocrx_word' id='word_1_18' title='bbox 463 1388 487 1438; x_wconf 73' lang='grc'>9.</span> <span class='ocrx_word' id='word_1_19' title='bbox 504 1391 601 1462; x_wconf 71' lang='lat' dir='ltr'>Benene</span> <span class='ocrx_word' id='word_1_20' title='bbox 618 1405 648 1441; x_wconf 79' lang='lat' dir='ltr'>nn</span> <span class='ocrx_word' id='word_1_21' title='bbox 665 1391 762 1444; x_wconf 76' lang='lat' dir='ltr'>lanan.</span> <span class='ocrx_word' id='word_1_22' title='bbox 779 1393 805 1443; x_wconf 89' lang='lat' dir='ltr'>L.</span> 
     </span>
    </p>
   </div>
   <div class='ocr_carea' id='block_1_7' title="bbox 77 1509 1152 2394">
    <p class='ocr_par' dir='ltr' id='par_1_7' title="bbox 121 1509 1150 1698">
     <span class='ocr_line' id='line_1_7' title="bbox 161 1509 1150 1601; baseline 0.007 -27"><span class='ocrx_word' id='word_1_23' title='bbox 161 1513 204 1574; x_wconf 88' lang='lat' dir='ltr'>De</span> <span class='ocrx_word' id='word_1_24' title='bbox 223 1509 312 1574; x_wconf 82' lang='lat' dir='ltr'>veteri</span> <span class='ocrx_word' id='word_1_25' title='bbox 332 1510 412 1574; x_wconf 91' lang='lat' dir='ltr'>illius</span> <span class='ocrx_word' id='word_1_26' title='bbox 429 1512 530 1597; x_wconf 85' lang='lat' dir='ltr'><strong>oppidi</strong></span> <span class='ocrx_word' id='word_1_27' title='bbox 550 1513 669 1578; x_wconf 88' lang='lat' dir='ltr'>ecclesia</span> <span class='ocrx_word' id='word_1_28' title='bbox 688 1514 840 1599; x_wconf 77' lang='lat' dir='ltr'>collegiata</span> <span class='ocrx_word' id='word_1_29' title='bbox 856 1515 967 1580; x_wconf 87' lang='lat' dir='ltr'>dictum</span> <span class='ocrx_word' id='word_1_30' title='bbox 986 1527 1030 1580; x_wconf 90' lang='lat' dir='ltr'>est</span> <span class='ocrx_word' id='word_1_31' title='bbox 1049 1537 1150 1601; x_wconf 88' lang='lat' dir='ltr'>supra,</span> 
     </span>
     <span class='ocr_line' id='line_1_8' title="bbox 121 1617 237 1698; baseline -0.017 -20"><span class='ocrx_word' id='word_1_32' title='bbox 121 1635 151 1698; x_wconf 87' lang='lat' dir='ltr'>p.</span> <span class='ocrx_word' id='word_1_33' title='bbox 168 1617 237 1678; x_wconf 73' lang='lat'><strong>184.</strong></span> 
     </span>
    </p>

    <p class='ocr_par' dir='ltr' id='par_1_8' title="bbox 77 1715 1152 2394">
     <span class='ocr_line' id='line_1_9' title="bbox 160 1715 1151 1802; baseline 0.009 -25"><span class='ocrx_word' id='word_1_34' title='bbox 160 1715 320 1799; x_wconf 86' lang='lat' dir='ltr'>Suppresso</span> <span class='ocrx_word' id='word_1_35' title='bbox 344 1717 404 1781; x_wconf 90' lang='lat' dir='ltr'>illic</span> <span class='ocrx_word' id='word_1_36' title='bbox 423 1737 440 1780; x_wconf 92' lang='lat' dir='ltr'>a</span> <span class='ocrx_word' id='word_1_37' title='bbox 462 1717 577 1780; x_wconf 88' lang='lat' dir='ltr'>Batavis</span> <span class='ocrx_word' id='word_1_38' title='bbox 598 1717 747 1802; x_wconf 83' lang='lat' dir='ltr'>religionis</span> <span class='ocrx_word' id='word_1_39' title='bbox 767 1719 916 1794; x_wconf 83' lang='lat' dir='ltr'>exercitio,</span> <span class='ocrx_word' id='word_1_40' title='bbox 934 1720 997 1784; x_wconf 88' lang='lat' dir='ltr'>loca</span> <span class='ocrx_word' id='word_1_41' title='bbox 1016 1741 1098 1784; x_wconf 88' lang='lat' dir='ltr'>sacra</span> <span class='ocrx_word' id='word_1_42' title='bbox 1121 1735 1151 1786; x_wconf 88' lang='lat' dir='ltr'>ct</span> 
     </span>
     <span class='ocr_line' id='line_1_10' title="bbox 121 1819 1150 1904; baseline 0.008 -25"><span class='ocrx_word' id='word_1_43' title='bbox 121 1819 310 1894; x_wconf 82' lang='lat' dir='ltr'>monasteria,</span> <span class='ocrx_word' id='word_1_44' title='bbox 326 1840 400 1904; x_wconf 88' lang='lat' dir='ltr'>quae</span> <span class='ocrx_word' id='word_1_45' title='bbox 421 1820 451 1882; x_wconf 90' lang='lat' dir='ltr'>in</span> <span class='ocrx_word' id='word_1_46' title='bbox 471 1819 526 1883; x_wconf 92' lang='lat' dir='ltr'>hoc</span> <span class='ocrx_word' id='word_1_47' title='bbox 544 1820 650 1904; x_wconf 88' lang='lat' dir='ltr'>oppido</span> <span class='ocrx_word' id='word_1_48' title='bbox 671 1820 764 1894; x_wconf 82' lang='lat' dir='ltr'>fuere,</span> <span class='ocrx_word' id='word_1_49' title='bbox 784 1819 945 1894; x_wconf 83' lang='lat' dir='ltr'>desierunt,</span> <span class='ocrx_word' id='word_1_50' title='bbox 965 1832 995 1885; x_wconf 88' lang='lat' dir='ltr'>ct</span> <span class='ocrx_word' id='word_1_51' title='bbox 1015 1821 1150 1888; x_wconf 72' lang='lat' dir='ltr'>catholici</span> 
     </span>
     <span class='ocr_line' id='line_1_11' title="bbox 120 1920 1151 2010; baseline 0.006 -28"><span class='ocrx_word' id='word_1_52' title='bbox 120 1920 211 1983; x_wconf 87' lang='lat' dir='ltr'>sacris</span> <span class='ocrx_word' id='word_1_53' title='bbox 222 1921 282 1983; x_wconf 84' lang='lat' dir='ltr'>suis</span> <span class='ocrx_word' id='word_1_54' title='bbox 295 1920 434 1984; x_wconf 88' lang='lat' dir='ltr'>humilem</span> <span class='ocrx_word' id='word_1_55' title='bbox 449 1922 604 2006; x_wconf 88' lang='lat' dir='ltr'>quamdam</span> <span class='ocrx_word' id='word_1_56' title='bbox 619 1921 770 1985; x_wconf 88' lang='lat' dir='ltr'>ecclesiam</span> <span class='ocrx_word' id='word_1_57' title='bbox 782 1923 880 2005; x_wconf 81' lang='lat' dir='ltr'>(vulgo</span> <span class='ocrx_word' id='word_1_58' title='bbox 891 1925 1049 2004; x_wconf 76' lang='lat' dir='ltr'>huia-leri)</span> <span class='ocrx_word' id='word_1_59' title='bbox 1063 1925 1151 2010; x_wconf 86' lang='lat' dir='ltr'>adap-</span> 
     </span>
     <span class='ocr_line' id='line_1_12' title="bbox 120 2021 1152 2108; baseline 0.006 -24"><span class='ocrx_word' id='word_1_60' title='bbox 120 2033 185 2084; x_wconf 90' lang='lat' dir='ltr'>tare</span> <span class='ocrx_word' id='word_1_61' title='bbox 197 2021 369 2086; x_wconf 86' lang='lat' dir='ltr'>debuerunt.</span> <span class='ocrx_word' id='word_1_62' title='bbox 383 2026 425 2086; x_wconf 88' lang='lat' dir='ltr'>lta</span> <span class='ocrx_word' id='word_1_63' title='bbox 440 2023 470 2086; x_wconf 92' lang='lat' dir='ltr'>in</span> <span class='ocrx_word' id='word_1_64' title='bbox 485 2023 623 2087; x_wconf 86' lang='lat' dir='ltr'>omnihus</span> <span class='ocrx_word' id='word_1_65' title='bbox 641 2022 705 2087; x_wconf 87' lang='lat' dir='ltr'>aliis</span> <span class='ocrx_word' id='word_1_66' title='bbox 720 2024 811 2088; x_wconf 87' lang='lat' dir='ltr'>lerme</span> <span class='ocrx_word' id='word_1_67' title='bbox 824 2025 969 2108; x_wconf 85' lang='lat' dir='ltr'>parochiis</span> <span class='ocrx_word' id='word_1_68' title='bbox 982 2026 1036 2089; x_wconf 87' lang='lat' dir='ltr'>suh</span> <span class='ocrx_word' id='word_1_69' title='bbox 1051 2027 1152 2090; x_wconf 90' lang='lat' dir='ltr'>haere-</span> 
     </span>
     <span class='ocr_line' id='line_1_13' title="bbox 77 2122 1152 2198; baseline 0.005 -12"><span class='ocrx_word' id='word_1_70' title='bbox 77 2195 79 2198; x_wconf 19' lang='lat'><em>⁴</em></span> <span class='ocrx_word' id='word_1_71' title='bbox 121 2122 247 2187; x_wconf 89' lang='lat' dir='ltr'>ticorum</span> <span class='ocrx_word' id='word_1_72' title='bbox 259 2123 410 2188; x_wconf 86' lang='lat' dir='ltr'>dominatu</span> <span class='ocrx_word' id='word_1_73' title='bbox 422 2125 546 2188; x_wconf 87' lang='lat' dir='ltr'>redactis</span> <span class='ocrx_word' id='word_1_74' title='bbox 556 2125 725 2198; x_wconf 83' lang='lat' dir='ltr'>factumest,</span> <span class='ocrx_word' id='word_1_75' title='bbox 732 2125 825 2188; x_wconf 88' lang='lat' dir='ltr'>donec</span> <span class='ocrx_word' id='word_1_76' title='bbox 835 2125 955 2190; x_wconf 88' lang='lat' dir='ltr'>incunte</span> <span class='ocrx_word' id='word_1_77' title='bbox 964 2127 1079 2190; x_wconf 89' lang='lat' dir='ltr'>saeculo</span> <span class='ocrx_word' id='word_1_78' title='bbox 1088 2131 1152 2191; x_wconf 83' lang='lat' dir='ltr'>xlx</span> 
     </span>
     <span class='ocr_line' id='line_1_14' title="bbox 122 2223 1149 2313; baseline 0.006 -27"><span class='ocrx_word' id='word_1_79' title='bbox 122 2223 217 2308; x_wconf 89' lang='lat' dir='ltr'>major</span> <span class='ocrx_word' id='word_1_80' title='bbox 234 2225 372 2310; x_wconf 86' lang='lat' dir='ltr'>paulatim</span> <span class='ocrx_word' id='word_1_81' title='bbox 391 2225 543 2289; x_wconf 84' lang='lat' dir='ltr'>catholicis</span> <span class='ocrx_word' id='word_1_82' title='bbox 563 2225 682 2289; x_wconf 88' lang='lat' dir='ltr'>libertas</span> <span class='ocrx_word' id='word_1_83' title='bbox 699 2227 868 2300; x_wconf 78' lang='lat' dir='ltr'>accreverit,</span> <span class='ocrx_word' id='word_1_84' title='bbox 886 2239 915 2290; x_wconf 88' lang='lat' dir='ltr'>ct</span> <span class='ocrx_word' id='word_1_85' title='bbox 936 2241 1047 2292; x_wconf 85' lang='lat' dir='ltr'>ueteres</span> <span class='ocrx_word' id='word_1_86' title='bbox 1065 2249 1149 2313; x_wconf 88' lang='lat' dir='ltr'>paro·</span> 
     </span>
     <span class='ocr_line' id='line_1_15' title="bbox 122 2325 1036 2394; baseline 0.005 -6"><span class='ocrx_word' id='word_1_87' title='bbox 122 2325 231 2390; x_wconf 85' lang='lat' dir='ltr'>chiales</span> <span class='ocrx_word' id='word_1_88' title='bbox 244 2326 380 2390; x_wconf 87' lang='lat' dir='ltr'>ccclesiae</span> <span class='ocrx_word' id='word_1_89' title='bbox 394 2327 544 2391; x_wconf 79' lang='lat' dir='ltr'>restitutae</span> <span class='ocrx_word' id='word_1_90' title='bbox 557 2326 602 2390; x_wconf 87' lang='lat' dir='ltr'>uel</span> <span class='ocrx_word' id='word_1_91' title='bbox 617 2347 707 2391; x_wconf 85' lang='lat' dir='ltr'>novae</span> <span class='ocrx_word' id='word_1_92' title='bbox 720 2338 904 2394; x_wconf 85' lang='lat' dir='ltr'>constructae</span> <span class='ocrx_word' id='word_1_93' title='bbox 919 2328 1036 2393; x_wconf 84' lang='lat' dir='ltr'>fuerint.</span> 
     </span>
    </p>
   </div>
   <div class='ocr_carea' id='block_1_8' title="bbox 514 2509 764 2562">
    <p class='ocr_par' dir='ltr' id='par_1_9' title="bbox 514 2509 764 2562">
     <span class='ocr_line' id='line_1_16' title="bbox 514 2509 764 2562; baseline 0 -2"><span class='ocrx_word' id='word_1_94' title='bbox 514 2509 538 2562; x_wconf 74' lang='grc' dir='ltr'>ὅ.</span> <span class='ocrx_word' id='word_1_95' title='bbox 557 2511 764 2562; x_wconf 69' lang='lat' dir='ltr'>Beneuentani..</span> 
     </span>
    </p>
   </div>
   <div class='ocr_carea' id='block_1_9' title="bbox 122 2635 1153 3006">
    <p class='ocr_par' dir='ltr' id='par_1_10' title="bbox 122 2635 1153 3006">
     <span class='ocr_line' id='line_1_17' title="bbox 164 2635 1150 2719; baseline 0.006 -23"><span class='ocrx_word' id='word_1_96' title='bbox 164 2635 259 2697; x_wconf 88' lang='lat' dir='ltr'>Locus</span> <span class='ocrx_word' id='word_1_97' title='bbox 269 2637 427 2717; x_wconf 80' lang='lat' dir='ltr'>Bergarum</span> <span class='ocrx_word' id='word_1_98' title='bbox 438 2635 546 2719; x_wconf 86' lang='lat' dir='ltr'>oppido</span> <span class='ocrx_word' id='word_1_99' title='bbox 560 2635 683 2699; x_wconf 89' lang='lat' dir='ltr'>uicinus.</span> <span class='ocrx_word' id='word_1_100' title='bbox 694 2638 725 2698; x_wconf 90' lang='lat' dir='ltr'>ln</span> <span class='ocrx_word' id='word_1_101' title='bbox 737 2645 910 2700; x_wconf 88' lang='lat' dir='ltr'>testamento</span> <span class='ocrx_word' id='word_1_102' title='bbox 922 2636 1071 2702; x_wconf 82' lang='lat' dir='ltr'>Godelridi</span> <span class='ocrx_word' id='word_1_103' title='bbox 1081 2642 1150 2702; x_wconf 87' lang='lat' dir='ltr'>Bre-</span> 
     </span>
     <span class='ocr_line' id='line_1_18' title="bbox 123 2735 1153 2823; baseline 0.004 -25"><span class='ocrx_word' id='word_1_104' title='bbox 123 2735 177 2798; x_wconf 86' lang='lat' dir='ltr'>dae</span> <span class='ocrx_word' id='word_1_105' title='bbox 191 2735 318 2812; x_wconf 88' lang='lat' dir='ltr'>domini,</span> <span class='ocrx_word' id='word_1_106' title='bbox 339 2737 409 2799; x_wconf 88' lang='lat' dir='ltr'>anni</span> <span class='ocrx_word' id='word_1_107' title='bbox 426 2739 521 2810; x_wconf 71' lang='lat' dir='ltr'>luto,</span> <span class='ocrx_word' id='word_1_108' title='bbox 535 2735 659 2800; x_wconf 84' lang='lat' dir='ltr'>hahetur</span> <span class='ocrx_word' id='word_1_109' title='bbox 678 2737 755 2821; x_wconf 88' lang='lat' dir='ltr'>quod</span> <span class='ocrx_word' id='word_1_110' title='bbox 768 2741 941 2802; x_wconf 81' lang='lat' dir='ltr'>monialibus</span> <span class='ocrx_word' id='word_1_111' title='bbox 958 2742 992 2802; x_wconf 85' lang='lat' dir='ltr'>de</span> <span class='ocrx_word' id='word_1_112' title='bbox 1005 2742 1153 2823; x_wconf 71' lang='lat' dir='ltr'>Bnrqvlr&#39;et</span> 
     </span>
     <span class='ocr_line' id='line_1_19' title="bbox 122 2825 1152 2924; baseline 0.004 -23"><span class='ocrx_word' id='word_1_113' title='bbox 122 2849 233 2902; x_wconf 83' lang='lat' dir='ltr'>eentum</span> <span class='ocrx_word' id='word_1_114' title='bbox 252 2842 360 2902; x_wconf 80' lang='lat' dir='ltr'>calidos</span> <span class='ocrx_word' id='word_1_115' title='bbox 378 2841 570 2904; x_wconf 83' lang='lat' dir='ltr'>Lnouoieuaca</span> <span class='ocrx_word' id='word_1_116' title='bbox 591 2839 742 2920; x_wconf 82' lang='lat' dir='ltr'>legaverit,</span> <span class='ocrx_word' id='word_1_117' title='bbox 763 2825 804 2903; x_wconf 25' lang='lat' dir='ltr'>ex·</span> <span class='ocrx_word' id='word_1_118' title='bbox 817 2860 876 2924; x_wconf 88' lang='lat' dir='ltr'>qno</span> <span class='ocrx_word' id='word_1_119' title='bbox 897 2839 1045 2924; x_wconf 77' lang='lat' dir='ltr'>colligitur</span> <span class='ocrx_word' id='word_1_120' title='bbox 1066 2841 1152 2906; x_wconf 88' lang='lat' dir='ltr'>isthic</span> 
     </span>
     <span class='ocr_line' id='line_1_20' title="bbox 124 2938 733 3006; baseline 0 -2"><span class='ocrx_word' id='word_1_121' title='bbox 124 2938 195 3004; x_wconf 89' lang='lat' dir='ltr'>olim</span> <span class='ocrx_word' id='word_1_122' title='bbox 211 2939 299 3004; x_wconf 86' lang='lat' dir='ltr'>luisse</span> <span class='ocrx_word' id='word_1_123' title='bbox 311 2940 491 3006; x_wconf 85' lang='lat' dir='ltr'>mansionem</span> <span class='ocrx_word' id='word_1_124' title='bbox 507 2941 697 3005; x_wconf 88' lang='lat' dir='ltr'>monasticam</span> <span class='ocrx_word' id='word_1_125' title='bbox 708 2943 733 3004; x_wconf 77' lang='lat'>².</span> 
     </span>
    </p>
   </div>
   <div class='ocr_carea' id='block_1_10' title="bbox 520 3123 790 3176">
    <p class='ocr_par' dir='ltr' id='par_1_11' title="bbox 520 3123 790 3176">
     <span class='ocr_line' id='line_1_21' title="bbox 520 3123 790 3176; baseline 0.004 -1"><span class='ocrx_word' id='word_1_126' title='bbox 520 3123 543 3175; x_wconf 80' lang='lat' dir='ltr'>l.</span> <span class='ocrx_word' id='word_1_127' title='bbox 561 3126 746 3176; x_wconf 79' lang='lat' dir='ltr'>Bnencnnornu.</span> <span class='ocrx_word' id='word_1_128' title='bbox 764 3127 790 3176; x_wconf 89' lang='lat' dir='ltr'>L.</span> 
     </span>
    </p>
   </div>
   <div class='ocr_carea' id='block_1_11' title="bbox 164 3248 1118 3336">
    <p class='ocr_par' dir='ltr' id='par_1_12' title="bbox 164 3248 1118 3336">
     <span class='ocr_line' id='line_1_22' title="bbox 164 3248 1118 3336; baseline 0.003 -23"><span class='ocrx_word' id='word_1_129' title='bbox 164 3249 254 3314; x_wconf 84' lang='lat' dir='ltr'>Vicus</span> <span class='ocrx_word' id='word_1_130' title='bbox 264 3248 334 3314; x_wconf 89' lang='lat' dir='ltr'>olim</span> <span class='ocrx_word' id='word_1_131' title='bbox 348 3268 415 3313; x_wconf 90' lang='lat' dir='ltr'>cnm</span> <span class='ocrx_word' id='word_1_132' title='bbox 430 3249 550 3325; x_wconf 87' lang='lat' dir='ltr'>sacello,</span> <span class='ocrx_word' id='word_1_133' title='bbox 565 3251 710 3336; x_wconf 83' lang='lat' dir='ltr'>appendix</span> <span class='ocrx_word' id='word_1_134' title='bbox 723 3263 785 3314; x_wconf 87' lang='lat' dir='ltr'>erat</span> <span class='ocrx_word' id='word_1_135' title='bbox 798 3249 865 3334; x_wconf 85' lang='lat' dir='ltr'>pagi</span> <span class='ocrx_word' id='word_1_136' title='bbox 880 3249 917 3314; x_wconf 87' lang='lat' dir='ltr'>dc</span> <span class='ocrx_word' id='word_1_137' title='bbox 931 3249 1118 3316; x_wconf 85' lang='lat' dir='ltr'>llildernisse.</span> 
     </span>
    </p>
   </div>
   <div class='ocr_carea' id='block_1_12' title="bbox 62 3434 1157 4112">
    <p class='ocr_par' dir='ltr' id='par_1_13' title="bbox 62 3434 1157 4112">
     <span class='ocr_line' id='line_1_23' title="bbox 62 3434 1155 3503; baseline 0.005 -21"><span class='ocrx_word' id='word_1_138' title='bbox 62 3475 68 3482; x_wconf 87' lang='lat'><strong>.</strong></span> <span class='ocrx_word' id='word_1_139' title='bbox 160 3434 171 3465; x_wconf 93' lang='lat'>¹</span> <span class='ocrx_word' id='word_1_140' title='bbox 187 3435 255 3486; x_wconf 89' lang='lat' dir='ltr'>Idem</span> <span class='ocrx_word' id='word_1_141' title='bbox 267 3434 316 3488; x_wconf 83' lang='lat' dir='ltr'>lere</span> <span class='ocrx_word' id='word_1_142' title='bbox 327 3435 393 3502; x_wconf 88' lang='lat' dir='ltr'>quod</span> <span class='ocrx_word' id='word_1_143' title='bbox 405 3450 478 3502; x_wconf 79' lang='lat' dir='ltr'>supra</span> <span class='ocrx_word' id='word_1_144' title='bbox 489 3435 524 3500; x_wconf 82' lang='lat' dir='ltr'>(in</span> <span class='ocrx_word' id='word_1_145' title='bbox 534 3441 586 3487; x_wconf 89' lang='lat' dir='ltr'>not.</span> <span class='ocrx_word' id='word_1_146' title='bbox 597 3434 619 3502; x_wconf 93' lang='lat' dir='ltr'>l,</span> <span class='ocrx_word' id='word_1_147' title='bbox 632 3452 655 3503; x_wconf 86' lang='lat' dir='ltr'>p.</span> <span class='ocrx_word' id='word_1_148' title='bbox 666 3435 732 3502; x_wconf 67' lang='grc'>990),</span> <span class='ocrx_word' id='word_1_149' title='bbox 745 3435 809 3488; x_wconf 88' lang='lat' dir='ltr'>circa</span> <span class='ocrx_word' id='word_1_150' title='bbox 821 3435 965 3488; x_wconf 85' lang='lat' dir='ltr'>decanatum</span> <span class='ocrx_word' id='word_1_151' title='bbox 976 3435 1114 3487; x_wconf 79' lang='lat' dir='ltr'>Bradanum</span> <span class='ocrx_word' id='word_1_152' title='bbox 1124 3436 1155 3487; x_wconf 86' lang='lat' dir='ltr'>de</span> 
     </span>
     <span class='ocr_line' id='line_1_24' title="bbox 124 3521 1154 3590; baseline 0.002 -18"><span class='ocrx_word' id='word_1_153' title='bbox 124 3521 245 3574; x_wconf 80' lang='lat' dir='ltr'>decanatu</span> <span class='ocrx_word' id='word_1_154' title='bbox 262 3523 442 3589; x_wconf 78' lang='lat' dir='ltr'>Bergiznmcnsi</span> <span class='ocrx_word' id='word_1_155' title='bbox 456 3522 603 3590; x_wconf 63' lang='lat' dir='ltr'>notandum</span> <span class='ocrx_word' id='word_1_156' title='bbox 621 3523 756 3588; x_wconf 85' lang='lat' dir='ltr'>promiscue</span> <span class='ocrx_word' id='word_1_157' title='bbox 772 3522 877 3574; x_wconf 82' lang='lat' dir='ltr'>enimin</span> <span class='ocrx_word' id='word_1_158' title='bbox 893 3521 967 3574; x_wconf 86' lang='lat' dir='ltr'>citato</span> <span class='ocrx_word' id='word_1_159' title='bbox 983 3537 997 3573; x_wconf 89' lang='lat' dir='ltr'>a</span> <span class='ocrx_word' id='word_1_160' title='bbox 1013 3521 1154 3574; x_wconf 82' lang='lat' dir='ltr'>Diercxeens</span> 
     </span>
     <span class='ocr_line' id='line_1_25' title="bbox 125 3607 1156 3677; baseline 0 -17"><span class='ocrx_word' id='word_1_161' title='bbox 125 3607 229 3676; x_wconf 77' lang='lat' dir='ltr'>registro</span> <span class='ocrx_word' id='word_1_162' title='bbox 239 3609 376 3661; x_wconf 88' lang='lat' dir='ltr'>Landecani</span> <span class='ocrx_word' id='word_1_163' title='bbox 388 3609 566 3677; x_wconf 79' lang='lat' dir='ltr'>lntrcrpiensis</span> <span class='ocrx_word' id='word_1_164' title='bbox 574 3618 730 3662; x_wconf 82' lang='lat' dir='ltr'>recensentur</span> <span class='ocrx_word' id='word_1_165' title='bbox 741 3617 793 3661; x_wconf 89' lang='lat' dir='ltr'>tum</span> <span class='ocrx_word' id='word_1_166' title='bbox 804 3609 945 3676; x_wconf 84' lang='lat' dir='ltr'>parochiae,</span> <span class='ocrx_word' id='word_1_167' title='bbox 954 3618 1006 3660; x_wconf 87' lang='lat' dir='ltr'>tum</span> <span class='ocrx_word' id='word_1_168' title='bbox 1014 3609 1120 3661; x_wconf 85' lang='lat' dir='ltr'>oratoria</span> <span class='ocrx_word' id='word_1_169' title='bbox 1131 3617 1156 3660; x_wconf 89' lang='lat' dir='ltr'>et</span> 
     </span>
     <span class='ocr_line' id='line_1_26' title="bbox 124 3695 1156 3764; baseline 0 -16"><span class='ocrx_word' id='word_1_170' title='bbox 124 3695 213 3749; x_wconf 80' lang='lat' dir='ltr'>sacella</span> <span class='ocrx_word' id='word_1_171' title='bbox 225 3696 250 3748; x_wconf 90' lang='lat' dir='ltr'>in</span> <span class='ocrx_word' id='word_1_172' title='bbox 262 3695 340 3748; x_wconf 83' lang='lat' dir='ltr'>hemis</span> <span class='ocrx_word' id='word_1_173' title='bbox 355 3703 398 3748; x_wconf 80' lang='lat' dir='ltr'>eut</span> <span class='ocrx_word' id='word_1_174' title='bbox 413 3696 471 3749; x_wconf 88' lang='lat' dir='ltr'>rieis</span> <span class='ocrx_word' id='word_1_175' title='bbox 486 3697 550 3748; x_wconf 88' lang='lat' dir='ltr'>intra</span> <span class='ocrx_word' id='word_1_176' title='bbox 569 3695 658 3748; x_wconf 89' lang='lat' dir='ltr'>limites</span> <span class='ocrx_word' id='word_1_177' title='bbox 675 3697 806 3749; x_wconf 84' lang='lat' dir='ltr'>decanatus</span> <span class='ocrx_word' id='word_1_178' title='bbox 823 3696 1014 3764; x_wconf 77' lang='lat' dir='ltr'>Bergizomensis</span> <span class='ocrx_word' id='word_1_179' title='bbox 1030 3695 1156 3748; x_wconf 83' lang='lat' dir='ltr'>existentia</span> 
     </span>
     <span class='ocr_line' id='line_1_27' title="bbox 124 3781 1157 3850; baseline 0 -16"><span class='ocrx_word' id='word_1_180' title='bbox 124 3791 168 3834; x_wconf 82' lang='lat' dir='ltr'>ant</span> <span class='ocrx_word' id='word_1_181' title='bbox 178 3797 242 3850; x_wconf 87' lang='lat' dir='ltr'>qnae</span> <span class='ocrx_word' id='word_1_182' title='bbox 253 3781 343 3834; x_wconf 87' lang='lat' dir='ltr'>ibidem</span> <span class='ocrx_word' id='word_1_183' title='bbox 353 3781 503 3835; x_wconf 83' lang='lat' dir='ltr'>exstiterunt.</span> <span class='ocrx_word' id='word_1_184' title='bbox 521 3786 612 3835; x_wconf 83' lang='lat' dir='ltr'>Eorum</span> <span class='ocrx_word' id='word_1_185' title='bbox 628 3798 735 3849; x_wconf 86' lang='lat' dir='ltr'>namque</span> <span class='ocrx_word' id='word_1_186' title='bbox 747 3799 796 3834; x_wconf 90' lang='lat' dir='ltr'>non</span> <span class='ocrx_word' id='word_1_187' title='bbox 809 3798 885 3850; x_wconf 85' lang='lat' dir='ltr'>pauca</span> <span class='ocrx_word' id='word_1_188' title='bbox 897 3782 1005 3834; x_wconf 81' lang='lat' dir='ltr'>schaldis</span> <span class='ocrx_word' id='word_1_189' title='bbox 1017 3781 1157 3834; x_wconf 90' lang='lat' dir='ltr'>inundatio-</span> 
     </span>
     <span class='ocr_line' id='line_1_28' title="bbox 125 3867 1156 3938; baseline -0.001 -18"><span class='ocrx_word' id='word_1_190' title='bbox 125 3868 197 3922; x_wconf 91' lang='lat' dir='ltr'>nibus</span> <span class='ocrx_word' id='word_1_191' title='bbox 208 3869 304 3934; x_wconf 78' lang='lat' dir='ltr'>penitns</span> <span class='ocrx_word' id='word_1_192' title='bbox 315 3868 481 3938; x_wconf 83' lang='lat' dir='ltr'>deperierunt3</span> <span class='ocrx_word' id='word_1_193' title='bbox 492 3869 539 3921; x_wconf 86' lang='lat' dir='ltr'>alia</span> <span class='ocrx_word' id='word_1_194' title='bbox 550 3870 726 3922; x_wconf 84' lang='lat' dir='ltr'>haereticorum</span> <span class='ocrx_word' id='word_1_195' title='bbox 736 3868 817 3920; x_wconf 83' lang='lat' dir='ltr'>lurore</span> <span class='ocrx_word' id='word_1_196' title='bbox 828 3867 924 3920; x_wconf 83' lang='lat' dir='ltr'>saeculo</span> <span class='ocrx_word' id='word_1_197' title='bbox 937 3869 994 3922; x_wconf 84' lang='lat' dir='ltr'>xvt</span> <span class='ocrx_word' id='word_1_198' title='bbox 1010 3868 1097 3936; x_wconf 82' lang='lat' dir='ltr'>diruta,</span> <span class='ocrx_word' id='word_1_199' title='bbox 1109 3867 1156 3920; x_wconf 83' lang='lat' dir='ltr'>alia</span> 
     </span>
     <span class='ocr_line' id='line_1_29' title="bbox 127 3956 531 4022; baseline -0.002 -15"><span class='ocrx_word' id='word_1_200' title='bbox 127 3963 209 4007; x_wconf 85' lang='lat' dir='ltr'>antem</span> <span class='ocrx_word' id='word_1_201' title='bbox 220 3963 338 4007; x_wconf 85' lang='lat' dir='ltr'>vetustate</span> <span class='ocrx_word' id='word_1_202' title='bbox 350 3956 455 4022; x_wconf 86' lang='lat' dir='ltr'>collapsa</span> <span class='ocrx_word' id='word_1_203' title='bbox 466 3964 531 4008; x_wconf 88' lang='lat' dir='ltr'>sunt.</span> 
     </span>
     <span class='ocr_line' id='line_1_30' title="bbox 159 4042 504 4112; baseline 0 -17"><span class='ocrx_word' id='word_1_204' title='bbox 159 4042 170 4072; x_wconf 88' lang='lat'>¹</span> <span class='ocrx_word' id='word_1_205' title='bbox 187 4046 219 4095; x_wconf 80' lang='lat' dir='ltr'>Le</span> <span class='ocrx_word' id='word_1_206' title='bbox 231 4046 297 4112; x_wconf 81' lang='lat' dir='ltr'>lloy,</span> <span class='ocrx_word' id='word_1_207' title='bbox 306 4059 346 4111; x_wconf 84' lang='lat' dir='ltr'>op,</span> <span class='ocrx_word' id='word_1_208' title='bbox 359 4043 401 4096; x_wconf 91' lang='lat' dir='ltr'>cit.</span> <span class='ocrx_word' id='word_1_209' title='bbox 412 4059 434 4111; x_wconf 82' lang='lat' dir='ltr'>p.</span> <span class='ocrx_word' id='word_1_210' title='bbox 447 4044 504 4095; x_wconf 74' lang='lat' dir='ltr'>let.</span> 
     </span>
    </p>
   </div>
   <div class='ocr_carea' id='block_1_13' title="bbox 0 0 1530 4908">
    <p class='ocr_par' dir='ltr' id='par_1_14' title="bbox 0 0 1530 4908">
     <span class='ocr_line' id='line_1_31' title="bbox 0 0 1530 4908; baseline 0 0"><span class='ocrx_word' id='word_1_211' title='bbox 0 0 1530 4908; x_wconf 95' lang='lat' dir='ltr'> </span> 
     </span>
    </p>
   </div>
  </div>
 </body>
</html>
