3012 4912
270 657 288 710 χ
342 635 415 696 crui
429 633 549 715 aliisque
560 631 697 696 ecclesiis.
712 631 771 694 011.
784 635 926 706 Heracus,
943 633 1071 710 Annales
1086 635 1176 698 Broc.
1193 645 1213 694 t.
1226 636 1262 694 111
1276 655 1303 715 p.
1319 636 1371 706 18,

345 734 462 806 strada,
476 733 643 797 Diercxsens
654 782 661 806 ‚
672 745 729 795 etc.

384 824 494 898 Interea
513 835 751 919 Autverpiensem
765 835 935 908 dioecesim,
954 836 989 899 de
1005 856 1080 898 novo
1094 837 1229 920 episcopo
1249 837 1373 900 necdum

344 935 506 1017 provisam,
528 948 675 1019 umquam
688 935 859 1006 ,ordinarius
877 935 1081 1014 administrare
1092 937 1223 1020 perrexit
1241 936 1374 999 Maximi-

343 1035 439 1097 iianus
452 1056 468 1097 a
483 1036 599 1118 [tergis.
615 1035 848 1118 archiepiscopus
861 1035 1093 1107 Cameracensis,
1106 1036 1204 1119 ibique
1218 1036 1375 1098 concilium

344 1136 547 1200 Tridentinum
568 1124 811 1221 publicarisecit,
829 1135 1006 1220 pontificalia
1024 1157 1075 1220 per
1094 1157 1124 1200 sc
1146 1137 1242 1220 ipsum
1261 1136 1376 1219 saepius

345 1236 482 1310 exercuit,
493 1237 642 1300 ecclesiam
652 1235 821 1319 primariam
833 1240 865 1299 B.
873 1237 980 1299 Mariae
992 1236 1120 1319 Virginis
1130 1249 1159 1300 et
1169 1237 1376 1300 coemeterium

346 1357 397 1419 per
423 1336 612 1400 iconoclastae
627 1336 734 1403 uiolata
750 1335 961 1411 reconciliavit,
979 1337 1091 1421 aliaque
1109 1337 1140 1400 iu
1156 1337 1232 1400 hanc
1249 1349 1376 1400 veterem

344 1439 507 1502 dioeceseos
533 1439 746 1505 Cameracensis
771 1450 883 1522 partem
908 1439 1009 1502 munia
1032 1439 1205 1503 auctoritate
1229 1438 1377 1501 ordinaria

345 1541 473 1603 exercuit
484 1561 535 1624 per
546 1541 693 1623 integrum
704 1560 808 1603 nouem
817 1560 962 1604 annornm
974 1540 1114 1624 spatium,
1125 1561 1183 1623 quo
1193 1539 1378 1623 episcopatus

344 1641 563 1725 antuerpiensis
581 1642 688 1705 erectio
708 1628 846 1724 suspensa
864 1639 972 1704 mansit
987 1659 1079 1724 usque
1095 1640 1131 1703 ad
1149 1640 1251 1704 Sennii
1268 1639 1377 1702 adven-

347 1754 419 1806 turn.
439 1742 499 1806 cu.
516 1744 656 1822 Syoodici
672 1753 743 1806 torn.
762 1744 774 1802 l
794 1761 822 1823 p.
844 1743 897 1816 16,
917 1752 947 1804 ct
968 1739 1152 1815 Diercxsens,
1171 1761 1218 1823 op.
1234 1738 1283 1802 cit.
1301 1751 1323 1802 t.
1337 1741 1377 1803 tv

348 1855 377 1905 et
391 1847 415 1907 V
427 1844 543 1928 passim.
1030 1887 1033 1892 -

818 2147 840 2220 §-
866 2107 904 2204 ιι.Ι

620 2343 793 2406 Franciscos
810 2345 953 2414 Scopius,
975 2345 995 2406 1
1010 2349 1094 2424 episc.

386 2545 475 2606 1568.
491 2543 588 2604 Mense
598 2542 674 2626 julio
689 2563 738 2606 rex
758 2543 908 2628 Philippus
922 2544 958 2607 ad
972 2543 1169 2628 episcopatum
1184 2544 1379 2627 1111111ρί11-

348 2665 409 2706 sem
435 2637 752 2718 1111111811111111,
774 2645 901 2728 primunr
921 2644 1089 2728 episcopum
1108 2645 1377 2730 Sylvaedueensenr.

347 2748 388 2806 De
402 2732 508 2809 viaet
522 2745 638 2828 scriptis
652 2746 754 2830 inclyti
769 2747 922 2830 praesulis,
939 2745 1023 2830 cujus
1036 2746 1161 2810 maxima
1178 2745 1291 2810 suntin
1308 2745 1378 2809 reli-

345 2845 463 2926 gionem
474 2859 503 2909 et
515 2846 725 2930 rempublicam
737 2848 853 2921 merita,
865 2847 931 2910 vide
943 2849 1187 2912 commentarium
1198 2860 1329 2913 nostrum
1345 2848 1378 2910 in

346 2944 443 3010 fronte
456 2948 661 3027 Epistularum
674 2950 780 3012 Sonoii
795 2951 835 3010 od
852 2949 992 3030 Viplr'um,
1006 2951 1109 3024 Brut..
1128 2952 1223 3021 1850,
1237 2950 1325 3010 rra-8⁰.

388 3051 481 3121 1560,
495 3052 598 3112 martii
611 3054 658 3112 15.
672 3051 741 3113 Pius
752 3054 778 3116 V
790 3048 932 3113 Sennium
945 3048 1069 3113 absolvit
1082 3049 1119 3112 ab
1130 3049 1250 3113 eeclesia
1261 3048 1378 3132 sylvae-

346 3148 481 3222 ducensi,
501 3169 625 3234 eumque
644 3150 680 3213 ad
705 3151 942 3234 Antrerpienscm
963 3149 1109 3213 transicit.
1129 3153 1251 3212 Exstant
1269 3149 1378 3211 summi

347 3250 494 3333 pontificis
517 3251 634 3326 literae,
658 3252 694 3315 ad
723 3251 883 3336 capitulum
904 3253 1112 3335 antuerpiense
1133 3250 1255 3333 desuper
1278 3249 1379 3324 datae,

348 3352 425 3434 apud
439 3354 625 3430 Diercxsens,
639 3374 685 3437 op.
701 3354 750 3417 cit.
768 3357 828 3442 tV
841 3375 869 3438 p.
884 3357 952 3418 100.

388 3455 467 3515 luter
485 3453 560 3518 hanc
579 3454 830 3518 confirmationem
846 3466 875 3516 et
888 3464 1002 3537 captam
1016 3453 1092 3516 sedis
1106 3451 1316 3536 possessionem
1331 3451 1378 3513 in-

349 3555 480 3617 tercessit
494 3575 588 3619 annus
602 3556 725 3639 integer.
740 3557 859 3620 Interim
874 3556 1022 3620 confectae
1038 3567 1123 3628 sunt,
1137 3566 1170 3616 ut
1183 3552 1323 3626 arbitror,
1339 3551 1377 3614 ab

346 3654 410 3738 ipso
429 3656 539 3719 Sonuio
556 3670 585 3721 et
605 3657 716 3740 Viglio,
734 3657 941 3721 instructiones
954 3678 1007 3742 pro
1020 3656 1150 3720 aditione
1163 3666 1193 3717 et
1213 3652 1378 3735 receptione

347 3776 490 3840 novorum
513 3759 714 3852 episcoporum
737 3760 908 3833 servandae,
933 3780 1004 3842 quas
1026 3779 1059 3820 ex
1082 3761 1168 3822 Petro
1191 3759 1259 3828 Bor,
1281 3755 1378 3837 quoad

348 3857 546 3939 episcopatum
568 3859 824 3934 Leowardensern‚
846 3860 933 3923 refert
959 3860 1143 3932 Diercxsens,
1166 3877 1212 3940 op.
1237 3855 1285 3918 cit.
1308 3865 1329 3917 t.
1352 3856 1378 3916 V

347 3977 374 4038 p.
391 3961 533 4036 101-105.
