3012 4912
562 565 679 666 (77)

107 711 163 775 tiae
177 713 206 775 S.
221 709 373 774 Gertrudis
384 705 519 780 Lovauii,
538 693 729 789 inauguratus
742 707 781 766 25
792 699 919 786 januarii
938 701 1029 771 libb,
1046 717 1136 782 eoque

107 814 193 877 titulo
207 825 393 876 conservator
414 810 630 895 privilegiorum
650 806 819 871 Academiae
839 800 1025 866 lovaniensis
1047 811 1077 861 et
1099 798 1135 860 ad

108 914 234 978 Ordines
248 912 421 975 Brabantiae
434 911 597 994 deputatus.

149 1015 194 1078 Ab
207 1013 393 1098 imperatrice
406 1012 495 1074 Maria
509 1011 643 1073 Tlreresia
669 1030 714 1100 an.
739 1009 817 1070 ΠΗ
839 1003 1021 1074 nominatus,
1042 1012 1072 1063 et
1090 999 1137 1062 die

111 1120 150 1179 ts
162 1113 291 1198 januarii
310 1118 387 1176 lllb
410 1115 518 1174 Romae
532 1112 734 1183 confirmatus,
749 1105 920 1170 Mechliniae
938 1103 969 1165 in
987 1103 1056 1166 aede
1077 1123 1137 1164 me-

18 1213 20 1252 ³
112 1217 290 1300 tropolitana
301 1214 442 1297 singulari
453 1227 590 1297 apparatu
602 1210 846 1276 consecrationem
858 1204 1049 1290 episcopalem
1060 1225 1139 1267 acee-

18 1325 20 1398 ῥ
110 1317 154 1401 pit
174 1316 222 1379 die
238 1320 276 1379 l9
294 1315 362 1377 maii
381 1313 508 1398 ejusdem
529 1315 597 1376 anui
609 1363 615 1384 ,
628 1335 645 1376 a
659 1311 799 1375 cardinali
816 1310 926 1372 Thomu
946 1307 1080 1390 Philippo
1102 1305 1138 1368 de

18 1407 19 1486 Ῐ
111 1417 238 1490 blsadn,
250 1415 489 1499 coadjuvantibus
503 1415 691 1478 Namurcensi
705 1427 733 1476 et
747 1410 925 1476 Gandavensi
941 1409 1091 1493 episcopis.

151 1518 257 1580 Sedem
277 1538 378 1589 suam,
397 1517 479 1599 cujus
500 1517 709 1600 possessionem
727 1513 854 1598 pridem,
869 1512 915 1575 die
929 1514 948 1574 6
964 1511 1031 1572 maii
1044 1513 1139 1583 tata,

18 1659 19 1680 2
111 1641 164 1704 per
177 1630 394 1702 procuratorem
410 1617 575 1701 Philippum
587 1616 741 1700 losephum
759 1619 852 1686 Cano,
868 1615 1007 1676 decanum
1022 1623 1051 1673 et
1064 1609 1140 1672 vica-

18 1715 19 1718 *
111 1721 189 1783 mum
204 1719 383 1802 generalem,
398 1732 561 1803 acceperat,
583 1718 705 1802 ipsemet
718 1717 790 1780 adiit
809 1716 856 1779 die
869 1718 908 1778 25
926 1713 1017 1798 junii,
1037 1710 1139 1774 festivo

112 1825 255 1905 applausu
272 1820 444 1903 antverpiae
458 1833 602 1903 exceptus.
616 1824 654 1881 bt
668 1818 762 1903 primo
776 1815 927 1898 regiminis
941 1834 1030 1885 anno,
1049 1833 1138 1897 quum

18 1949 19 1958 ¹
114 1923 145 1984 in
165 1921 441 1985 commemoratione
454 1922 596 2005 passionis
609 1920 771 1984 dominicae
784 1918 993 2003 processionem
1005 1914 1041 1976 ab
1053 1913 1143 1976 eccle-

18 2091 19 2094 ,
114 2022 158 2085 sia
170 2021 330 2084 cathedrali
341 2021 376 2082 ad
389 2021 487 2084 aedem
499 2023 621 2084 Sanctae
627 2019 796 2102 Walburgis
808 2019 845 2081 de
856 2039 936 2080 more
946 2015 1142 2086 comitaretur,

18 2197 19 2200 Ἴ
114 2123 195 2185 febre
209 2123 385 2205 corripitur:
399 2121 563 2206 hydropisis
575 2123 704 2204 aliaeque
715 2121 898 2184 infirmitates
908 2139 1065 2190 accessere,
1080 2115 1143 2200 qui·

114 2222 168 2286 bus
183 2223 302 2286 tandem
317 2222 470 2286 succubuit
486 2223 533 2287 die
550 2227 569 2286 2
588 2223 759 2308 septembris
782 2227 874 2294 llll,
889 2241 1003 2284 summo
1019 2223 1142 2282 hntver·

18 2391 19 2394 ,
116 2325 262 2408 piensium
285 2325 376 2397 luctu,
398 2347 521 2409 quorum
542 2326 597 2389 sibi
616 2327 702 2390 corda
723 2325 835 2410 praesul
859 2323 989 2387 inomni
1011 2344 1142 2386 sermone

115 2425 254 2487 omnibus
268 2423 390 2486 affabilis
403 2424 576 2488 devinxerat.

154 2525 295 2608 Sepultus
309 2538 351 2587 est
366 2525 395 2587 in
412 2525 500 2589 cboro
513 2527 648 2590 ecclesiae
669 2527 840 2590 cathedralis
856 2539 922 2589 ante
942 2547 1020 2589 aram
1036 2526 1143 2610 prima-

19 2659 21 2710 3
115 2627 201 2688 riam.
227 2626 403 2688 Testamenti
430 2628 474 2688 sui
499 2626 605 2690 tabulis
631 2629 780 2691 haeredem
807 2629 962 2711 scripserat
983 2626 1141 2711 capitulum

19 2721 21 2800 f
116 2726 297 2800 cathedrale,
322 2729 398 2810 quod
424 2741 518 2791 tamen
541 2731 737 2794 contentiosae
762 2731 930 2795 haereditati
954 2731 1142 2794 renunciavit.

19 2865 20 2874 κ
116 2831 217 2912 ltaque
227 2827 264 2888 ab
278 2827 416 2891 intestato
429 2831 566 2893 successit
579 2830 667 2894 irater
679 2831 808 2894 marchio
822 2831 991 2895 Ambrosius
1004 2835 1143 2918 losephus

117 2928 153 2991 de
164 2927 324 3002 tremores,
339 2929 388 3013 qui
403 2950 502 2992 mense
518 2929 652 3014 januario
668 2936 747 2996 l'llb
761 2932 883 2995 amicam
904 2935 1143 3017 compositionem

117 3029 187 3093 iniit
200 3051 268 3093 cum
289 3029 392 3094 abbate
408 3034 437 3096 S.
457 3033 622 3108 Gertrudis,
645 3035 728 3118 eique
742 3035 906 3098 numeravit
926 3036 1142 3119 quatuordecim

118 3133 212 3197 millia
227 3131 414 3197 florenorum.

161 3235 307 3298 llerzellio
320 3238 445 3300 loannes
454 3235 610 3320 Stiltiagus
621 3238 768 3322 inscripsit
779 3240 854 3302 Aeto
867 3239 899 3302 S.
910 3241 1021 3303 Aurelii
1033 3243 1145 3325 duput-

19 3345 20 3420 ζ
118 3340 183 3410 tini,
195 3357 269 3420 quae
280 3357 313 3399 ex
324 3339 404 3400 Aetia
415 3338 471 3401 SS.
482 3343 598 3421 ouposti
607 3339 702 3403 denuo
713 3340 804 3404 edidit
813 3341 986 3424 hntverpiae
997 3362 1043 3406 an.
1056 3347 1145 3417 4745,

19 3439 21 3536 ζ
118 3435 216 3498 in-t'ol.
233 3440 265 3498 ln
284 3436 403 3521 epistola
419 3437 594 3502 dedicatoria
606 3439 700 3503 editor
713 3441 871 3524 praesulem
887 3457 1018 3506 nostrum
1034 3443 1145 3514 laudat,

19 3537 20 3596 ἒ
120 3538 197 3622 quod
211 3559 245 3600 ea
257 3538 293 3600 de
310 3559 394 3601 causa
410 3540 541 3602 ordinem
553 3542 581 3603 S.
594 3541 750 3624 Augustini
768 3541 798 3602 in
816 3542 984 3627 perantiqua
1003 3565 1037 3606 ac
1051 3543 1145 3607 ducali

120 3640 266 3704 nobilium
281 3643 409 3706 virorum
424 3642 538 3708 abbatia
548 3647 577 3708 S.
592 3646 742 3709 Gertrudis
755 3646 901 3729 protessus
914 3647 952 3710 sit
968 3648 1098 3722 lovanii,
1114 3660 1147 3712 ut

121 3757 254 3806 sanctum
271 3744 418 3808 duetorem
434 3765 492 3807 non
507 3745 593 3809 modo
608 3759 761 3831 patronum
779 3747 896 3810 haberet
909 3768 942 3810 ac
956 3761 1082 3832 patrem,
1097 3749 1147 3812 sed

20 3885 21 3890 κ
122 3858 151 3908 et
164 3845 254 3908 vitam
270 3845 332 3930 ejus
346 3845 402 3909 sibi
415 3847 545 3930 regulam
561 3847 675 3912 vivendi
690 3870 724 3912 ae
737 3867 868 3912 normam
883 3850 1099 3933 praescriberet.
