3034 4908
115 597 223 648 statuta
238 587 285 648 die
299 589 336 649 11
347 589 416 649 maii
427 591 506 653 1608
520 588 556 652 ab
570 591 705 673 episcopo
718 595 829 653 loanne
843 592 950 652 Miraeo
961 602 1028 673 post
1042 591 1146 654 iactam

113 688 312 750 visitationem
327 689 496 772 approbata.

157 791 247 852 Vetus
262 790 413 852 castellum
433 794 626 863 Ambustum,
647 791 727 875 juxta
742 795 846 875 Lyram
860 793 891 854 in
906 792 1023 854 sinistra
1038 793 1147 854 Nethee

115 891 192 971 ripa,
216 889 345 970 possedit
368 889 445 952 circa
466 888 595 952 medinm
615 891 723 953 sacculi
740 894 801 954 Xlll
829 892 982 955 Gerardus
1000 893 1035 953 de
1054 893 1145 964 lsclae,

112 992 207 1060 miles,
228 991 345 1070 dapifer
363 994 444 1052 alueis
461 993 680 1072 Lotbarinpiae,
696 1004 725 1054 et
745 993 810 1054 Ocla
824 995 857 1053 cle
877 992 1071 1062 Anderstudt,
1084 995 1145 1070 ejus

113 1109 204 1162 uuor,
219 1090 325 1172 quibos
339 1111 416 1153 anno
435 1094 511 1154 tata
526 1091 686 1176 capitulum
701 1104 730 1154 et
749 1092 893 1155 Plcbanns
908 1093 1042 1175 cyrensis
1056 1093 1146 1156 eccle-

21 1187 23 1190 ’
113 1191 174 1252 siae
188 1192 364 1264 concedunt,
378 1195 453 1272 quod
463 1197 521 1271 ipsi
534 1204 559 1254 ct
572 1213 671 1255 corum
682 1213 854 1254 successores
867 1196 1008 1272 capellam
1018 1197 1147 1274 deinceps

112 1294 218 1353 babere
232 1303 370 1371 poterunt
382 1296 532 1372 specialem
545 1297 676 1377 incuria
695 1313 750 1354 sua
769 1298 850 1373 apud
868 1297 1046 1356 Audcrstadt
1063 1296 1147 1374 iufra

107 1398 285 1472 parochiam
298 1407 428 1456 uestram
438 1397 605 1473 Lyconem,
615 1406 640 1456 ct
653 1396 833 1473 capellanum
850 1398 952 1456 ltabcre
961 1408 1144 1474 perpetuum,

111 1500 164 1574 qui
177 1497 281 1558 ibidem
294 1499 396 1558 diviua
408 1498 535 1567 celebret,
550 1506 583 1556 ut
596 1494 683 1558 habet
696 1495 891 1557 concessionis
905 1495 1042 1578 diploma.

55 1643 57 1647 ,
154 1597 186 1656 ln
200 1593 263 1656 foro
278 1599 391 1678 Lyrano
403 1615 492 1678 prope
502 1596 620 1658 domum
632 1595 754 1657 civicam
765 1596 821 1657 sita
832 1607 875 1657 est
886 1596 994 1678 capella
1007 1597 1036 1658 S.
1047 1595 1145 1659 lacobi

112 1715 181 1758 cum
196 1696 333 1779 hospitali
354 1696 518 1779 adjacente,
537 1696 656 1760 fundata
677 1695 792 1758 sacculo
810 1699 886 1768 ΧΙΙΙ,
908 1716 954 1758 an.
979 1700 1056 1760 1585
1077 1718 1146 1760 cura

113 1797 303 1878 magistratus
317 1785 513 1870 reaedificata,
528 1797 557 1859 in
572 1817 629 1881 qua
641 1797 742 1860 eodem
756 1817 833 1858 anno
846 1797 979 1859 Clemens
992 1800 1056 1870 Vll,
1073 1804 1147 1861 Ave-

112 1897 203 1958 nione
219 1898 361 1972 residens,
378 1899 520 1960 concessit
535 1897 674 1960 celebrari
691 1899 721 1960 S.
736 1898 838 1960 nissae
852 1897 1037 1960 sacrificium.
1051 1899 1148 1960 Secel·

113 2002 176 2062 lum
197 2019 244 2062 an.
265 2004 342 2065 1179
361 2002 391 2063 in
411 2001 522 2063 cineres
545 2001 708 2072 redactum,
731 2012 829 2082 postea
844 1999 1059 2062 reaedificatum
1080 2000 1145 2063 luit.

115 2099 333 2182 Vulgodicitnn
345 2104 380 2163 dc
397 2102 559 2180 Spucusclce
583 2101 688 2178 Kupcl,
709 2101 777 2182 qnia
796 2099 968 2182 parochialis
988 2113 1050 2162 erat
1069 2102 1145 2162 mili-

113 2201 194 2264 tibus
209 2202 354 2285 Hispanis.
1009 2221 1012 2230 '

487 2368 526 2418 18.
544 2368 732 2419 Missnnnoven.
751 2370 776 2418 C.

156 2491 311 2564 Patauina,
335 2492 467 2574 quamvis
486 2491 623 2554 distincta
652 2512 669 2554 a
701 2491 836 2575 parochia
866 2492 901 2555 de
921 2492 1030 2556 Vierscl
1057 2494 1147 2571 (infra

115 2612 197 2654 num.
218 2595 288 2670 ib),
308 2612 493 2654 communem
513 2604 692 2666 tamencum
713 2591 763 2653 illa
777 2592 901 2654 habehat
918 2604 1077 2674 pastorem,
1095 2596 1145 2677 qni

114 2692 235 2755 alternis
248 2691 361 2755 vicibus
374 2694 405 2755 in
421 2693 523 2755 iisdem
541 2692 670 2756 ecelesiis
685 2713 745 2756 cem
759 2713 870 2755 sacram
885 2694 997 2774 agebat.

496 2869 535 2920 19.
553 2872 647 2921 Nicen.
666 2871 691 2919 C.
708 2869 766 2920 155.

155 3013 240 3072 Juxta
252 3022 306 3072 art.
321 3011 384 3072 Xlll
396 3010 647 3073 Consuetudinnm
661 3009 833 3092 Lyrcnsium
846 3009 893 3072 hic
903 3029 994 3093 pagus
1008 3029 1066 3071 nna
1079 3029 1145 3072 cnm

114 3110 224 3184 lisseol,
237 3110 321 3173 Bevel
332 3122 361 3172 et
373 3109 540 3173 Emblehem
552 3111 715 3194 pertinebat
725 3110 762 3172 ad
776 3109 976 3173 suburbanum
989 3112 1146 3192 Lyranum,

114 3210 202 3293 vulgo
216 3210 327 3272 dictum
342 3213 394 3271 deu
408 3211 546 3289 Byoonclc
560 3231 618 3272 oau
633 3213 712 3274 Licr.
875 3193 879 3202 ’

156 3315 241 3374 Anno
257 3312 336 3373 1155
349 3310 486 3372 Nicolans
500 3310 652 3392 episcopus
663 3308 888 3380 Cameracensis,
904 3310 939 3370 ob
953 3313 1068 3370 animos
1077 3328 1146 3370 suae

115 3423 141 3473 et
150 3414 404 3490 praedecessorum
413 3431 532 3472 suoram
543 3413 663 3473 salutem
676 3394 801 3471 concedit
812 3412 886 3472 duos
897 3412 1022 3488 capellas
1032 3414 1063 3470 iu
1073 3411 1146 3470 Aut·

114 3517 268 3590 werpicnsi
280 3514 528 3580 archidiaconatu.
547 3513 707 3577 Wartclam
719 3510 851 3589 (Wartcl)
863 3522 888 3572 ct
899 3512 1011 3576 Nillam
1023 3509 1146 3592 (Nylen),

113 3618 234 3676 consilio
246 3617 416 3676 clericorum
429 3633 560 3686 suorum,
573 3619 707 3693 petitione
720 3619 806 3675 etiam
816 3626 840 3675 ct
851 3617 1009 3676 redditione
1024 3613 1147 3675 Raiucri

113 3716 343 3795 Antwcrpieusis
361 3720 522 3795 praepositi
536 3717 667 3778 dominae
687 3726 804 3777 nostrus
823 3718 918 3777 beatae
931 3715 1050 3780 Marius
1064 3717 1091 3787 ¹,
1108 3716 1148 3775 ad

149 3956 158 3986 ¹
177 3955 236 4006 Vide
248 3970 335 4021 supra,
347 3971 370 4020 p.
384 3955 438 4005 111.
