2990 4918
569 451 694 550 (87)

111 591 231 672 affictis,
252 612 299 653 11.
321 593 401 653 1776
421 591 593 675 Antverpiae
613 592 719 662 editas,
740 611 836 653 1111.
858 589 1046 654 suestanus
1069 591 1144 676 typis

111 711 259 775 expressas
270 691 292 754 ¹.
307 691 424 754 Solebat
435 693 521 754 etiam
535 693 652 754 buvanii
663 693 699 754 ad
713 691 851 775 populum
863 691 1018 754 conciones
1029 691 1143 754 babere.

149 798 229 855 luter
240 793 373 855 doctores
387 805 520 874 regentes
535 793 692 856 Facultatis
707 793 887 874 theologicae
900 792 1045 865 adlectus,
1064 791 1143 856 facili

108 895 223 978 eloquio
244 911 414 975 summaque
432 894 564 956 doctrina
585 915 680 956 sacras
701 894 869 978 disciplinas
889 896 920 958 in
936 896 1043 958 scholis
1061 896 1144 958 illus·

108 995 213 1058 trabat.
230 995 275 1058 Ad
296 1015 341 1057 res
359 1013 461 1057 omnes
479 1008 577 1078 aptus,
597 993 769 1080 consiliique
784 996 900 1079 plenus,
923 997 1037 1080 saepius
1054 997 1145 1060 totius
1267 986 1274 997 ⁴

1 1167 2 1172 η
108 1096 281 1159 Academiae
307 1097 533 1180 praefecturam,
557 1118 644 1180 qnam
669 1111 845 1160 rectoratnm
868 1111 989 1170 vocant,
1018 1099 1143 1162 maxima

1 1221 2 1224 ¹
108 1197 198 1280 gessit
218 1197 382 1280 prudentia.
402 1199 453 1260 Die
471 1201 511 1260 at
526 1197 626 1280 aprilis
643 1203 719 1262 trra
740 1199 956 1262 ordinationem
972 1200 1143 1262 rectoralem

110 1299 201 1362 edidit
223 1299 360 1361 adversus
380 1299 469 1381 impia
483 1297 562 1360 illius
582 1299 644 1362 aevi
666 1299 783 1382 scripta.
803 1302 909 1362 Dolens
929 1301 1000 1364 haec
1014 1302 1144 1384 quotidie

109 1399 315 1482 multiplicari,
347 1399 471 1461 sollicite
498 1399 619 1462 curabat
647 1417 683 1461 ne
710 1400 747 1462 ad
773 1401 936 1483 juventutis
963 1401 1144 1464 academicae

39 1501 41 1507 ‘
109 1519 214 1562 manus
226 1500 410 1583 peruenirent
422 1499 490 1562 libri
503 1499 570 1572 isti,
588 1525 602 1558 u
618 1501 685 1582 qui,
701 1500 864 1584 inquiebat,
879 1513 930 1563 aut
944 1501 1030 1564 fidem
1045 1503 1144 1564 catho-

112 1626 126 1661 1
149 1601 251 1673 licam,
270 1613 320 1662 aut
334 1599 426 1662 bonos
449 1621 558 1671 mores,
576 1613 627 1663 aut
646 1601 772 1664 debitam
790 1601 929 1683 legitimis
950 1605 1143 1686 potestatibus

111 1727 126 1762 n
148 1701 345 1765 obedientiam
360 1703 535 1786 impugnant
550 1723 556 1762 :
572 1727 586 1760 n
602 1702 709 1785 quippe
721 1703 751 1766 in
769 1703 815 1766 his
832 1705 948 1788 scriptis
965 1727 980 1764 1
1003 1705 1142 1790 quidquid

111 1827 126 1865 u
149 1804 270 1886 religio,
296 1804 435 1888 quidquid
456 1803 634 1887 respublica,
649 1805 789 1889 quidquid
808 1807 933 1870 humana
955 1807 1077 1872 societas
1097 1828 1143 1870 sa·

110 1931 125 1967 1
149 1927 234 1970 crum
259 1906 379 1979 habeut,
401 1905 431 1968 id
453 1907 641 1969 conculcatur
658 1907 694 1970 ab
714 1907 883 1971 hominibus
902 1909 1035 1972 doctrine
1055 1910 1143 1972 falsae

109 2034 125 2068 1
149 2008 349 2094 philosophiae
369 2007 499 2069 imbutis.
523 2032 536 2065 n
554 2011 673 2091 insuper
687 2009 723 2070 11
737 2011 942 2072 conservandis
955 2030 989 2073 ac
1003 2013 1033 2073 11
1048 2011 1142 2074 locem

108 2109 306 2195 producendis
339 2108 574 2180 fundationibus,
607 2107 770 2172 studiorum
802 2111 898 2173 favore
925 2113 956 2172 in
988 2113 1142 2175 Academia

108 2212 230 2284 erectis,
246 2224 394 2273 strenuam
406 2229 522 2292 operam
535 2209 624 2272 dedit.

149 2311 193 2376 Ob
220 2311 365 2395 praeclara
391 2311 494 2373 merita
518 2310 554 2372 ab
578 2311 762 2393 imperatrice
787 2311 877 2373 llaria
900 2311 1035 2374 Therasia
1064 2332 1140 2376 auno

109 2418 191 2478 1776
204 2414 421 2496 antuerpiensis
434 2415 586 2496 episcopus
597 2414 778 2485 nominatus,
790 2425 845 2475 111
860 2415 911 2475 Pio
922 2417 956 2476 Vl
969 2414 1016 2476 die
1028 2420 1067 2477 15
1075 2413 1140 2498 julii

109 2515 240 2598 ejusdem
260 2515 330 2576 nuni
352 2515 556 2585 confirmatus,
579 2514 626 2576 die
647 2517 686 2576 11
705 2516 819 2596 augusti
845 2514 920 2577 sedis
942 2532 1142 2599 1111111111-

109 2617 221 2680 sionem
251 2636 303 2698 per
330 2628 546 2698 procuratorem
574 2613 715 2678 decanum
749 2616 933 2678 franciscum
962 2617 1142 2698 Eogelgravc

1 2745 2 2790 7
111 2719 231 2801 accepit.
254 2717 425 2780 blechliuiae
446 2717 494 2778 die
518 2723 537 2778 8
557 2716 729 2798 septembris
751 2731 937 2780 consecratur
960 2737 976 2778 a
1000 2718 1141 2782 cardinali

1 2859 2 2864 κ
109 2822 220 2883 Joauoe
244 2817 383 2890 lleurieo,
413 2817 614 2879 assistentibus
641 2817 774 2879 Govardo
804 2817 932 2880 Gerardo
957 2821 1018 2882 Van
1044 2822 1140 2882 Earsel

1 2923 2 2958 l
111 2919 293 2982 Gandarensi
319 2933 349 2980 ct
375 2917 471 2980 Felice
489 2916 613 3000 losepho
642 2917 772 2980 llubcrto
799 2919 835 2980 de
864 2915 1009 2982 Wavrans¹
1032 2921 1141 3002 iprensi

1 3031 2 3087 l
112 3021 266 3105 episeopis,
289 3033 439 3102 praesente
460 3019 571 3099 lgnatio
590 3015 626 3080 de
647 3022 737 3081 busca
757 3019 972 3102 archiepiscopo
991 3023 1140 3086 Emissene

113 3137 140 3186 et
158 3125 267 3185 nuncio
285 3121 452 3206 apostolico.
472 3121 523 3182 lJie
538 3131 651 3202 postera
668 3121 806 3183 inusitato
820 3141 962 3184 concursu
984 3141 1018 3184 ac
1040 3125 1140 3205 plausu

113 3224 142 3286 in
163 3223 314 3286 eeclesiam
333 3242 414 3284 suam
434 3221 626 3284 cathedralem
648 3222 833 3284 introductus
852 3235 904 3284 est.
923 3224 996 3294 Sed,
1015 3237 1048 3286 11
1068 3225 1141 3288 nihil

112 3336 155 3387 est
167 3343 202 3386 es
217 3337 300 3407 parte
318 3321 453 3395 beatum,
476 3323 560 3386 tertia
576 3322 714 3386 solemnis
733 3339 855 3407 pompae
868 3336 898 3385 et
913 3320 1077 3388 festivitatis
1094 3326 1141 3388 die

114 3425 228 3508 publiea
255 3423 359 3506 gaudia
387 3423 515 3486 turbauit
541 3423 667 3487 infausta
694 3425 823 3510 pyroboli
852 3426 995 3509 explosis,
1016 3428 1141 3490 excitato

113 3525 202 3588 totius
222 3521 374 3587 machinae
395 3523 545 3598 incendio,
568 3547 625 3610 quo
650 3526 748 3609 plures
771 3525 914 3600 ambusti,
940 3527 1028 3610 aliqui
1051 3528 1139 3590 etiam

114 3625 238 3690 flammis
252 3627 417 3710 consumpti
432 3626 521 3689 fuere.

147 3813 155 3843 ¹
173 3815 207 3864 lle
228 3811 275 3863 illis
295 3811 502 3863 exhortationihus
520 3811 545 3863 iu
565 3811 674 3862 oratioue
690 3810 742 3877 ejus
765 3810 859 3864 funebri
876 3819 940 3865 recte
959 3812 1062 3879 dicitur,
1081 3813 1140 3866 uass

115 3898 205 3964 private
218 3899 295 3965 patris
307 3900 336 3951 ad
351 3899 412 3952 lilios
424 3899 543 3966 alloquia,
555 3915 617 3966 quae
631 3915 673 3949 eor
683 3897 734 3966 ejus
745 3899 850 3950 ubertim
866 3899 1005 3968 eructabat,
1021 3899 1141 3952 interioris

116 3984 186 4036 animi
196 3993 312 4036 sensisset
322 3978 539 4050 piissimaementis
551 3991 676 4036 aeteruum
688 3999 739 4035 esse
752 3993 943 4036 monumentum.
