2990 4918
784 451 987 553 (¹⁰5l

345 589 422 676 piam
433 591 551 676 reliquit
564 603 594 654 ot
605 590 725 657 Bredam
737 611 768 656 se
779 592 898 676 recepit,
911 591 941 656 in
952 591 1056 656 vicinis
1069 592 1152 676 pagis
1161 602 1371 656 sacramentum

344 693 580 758 Confirmationia
594 693 746 756 conferens
765 706 794 755 et
815 693 961 776 paroecias
981 693 1060 757 illius
1079 695 1208 775 regionis
1229 692 1371 776 spirituali

344 796 436 878 ipsius
449 817 535 858 curae
547 797 715 858 commissas
728 795 858 858 visitans.
875 799 966 858 ‘lutus
980 797 1041 858 illic
1053 797 1211 860 consistere
1228 795 1304 857 haud
1320 794 1370 857 diu

346 898 457 981 potuit,
473 919 561 980 quare
575 899 802 962 Rotcrodamum
819 900 916 981 petiit,
931 912 961 962 et
974 920 1051 962 anno
1065 901 1196 984 sequenti
1213 900 1243 962 in
1258 902 1375 961 Germa-

346 1000 425 1060 niam
444 999 605 1082 prolectus,
627 999 810 1061 Academiam
832 1001 1054 1081 Gottingensem
1072 1001 1184 1072 invisit,
1206 1013 1267 1062 tum
1284 1002 1377 1062 Osna·

346 1099 485 1179 brugam,
501 1099 628 1184 aliasque
642 1101 817 1182 insigniores
836 1101 968 1164 civitates
985 1102 1180 1185 perlustravit.
1198 1104 1239 1163 Ex
1252 1101 1374 1181 Tiguro,

346 1221 404 1282 quo
418 1201 500 1262 illum
519 1201 657 1262 diuturna
673 1223 739 1264 cum
761 1205 887 1284 Gasparc
904 1206 1023 1266 Lavatcr
1040 1203 1185 1264 amicitiae
1199 1201 1377 1264 consuetudo

346 1302 547 1375 advocaverat,
563 1302 592 1363 in
615 1302 765 1364 Bavariam
779 1290 921 1366 concessit
935 1316 1021 1386 atque
1037 1303 1105 1366 inde
1120 1304 1231 1366 ltaliam
1252 1302 1338 1383 petiit
1352 1315 1379 1363 et

348 1402 539 1474 Florentiam,
555 1406 703 1474 Parmam,
719 1404 894 1477 Bononiam,
909 1407 1031 1466 Romam
1045 1427 1079 1470 ac
1090 1405 1239 1487 Neapolim
1250 1404 1379 1469 vicissim

348 1502 429 1564 adiit.
451 1502 579 1564 Tandem
602 1504 633 1563 in
656 1505 821 1566 lletruriam
843 1505 985 1580 substitit,
1001 1505 1126 1588 bospitio
1147 1517 1280 1588 receptus
1304 1503 1380 1587 apud
1483 1535 1484 1572 t

348 1603 582 1704 Ganraldqlcnses
596 1603 673 1666 haud
688 1605 789 1687 procul
803 1626 818 1666 a
834 1606 989 1668 Florentia.

390 1707 483 1778 Quam
498 1703 632 1766 acerbum
645 1706 774 1768 Praesuli
788 1706 874 1768 suerit
885 1719 943 1768 tam
954 1707 1004 1768 diu
1018 1706 1200 1788 multumque
1214 1706 1250 1768 ab
1262 1705 1380 1768 ecclesia
1484 1755 1485 1786 ,

350 1826 401 1867 sua
425 1805 569 1887 separari,
590 1818 619 1867 ct
636 1826 755 1868 snorum
773 1806 802 1867 in
827 1807 925 1888 Belgio
944 1808 1059 1870 nunciis
1074 1807 1214 1877 caruisse,
1237 1806 1382 1888 conjicere
1485 1821 1486 1874 t

322 1983 323 1988 ἵ
350 1905 419 1968 licet
430 1928 463 1968 ex
477 1907 607 1988 sequenti
623 1908 714 1989 ipsius
727 1907 848 1990 epistola
869 1929 902 1970 cx
920 1909 1051 1971 Bononia
1067 1899 1254 1990 Antverpiam
1272 1906 1382 1990 perlata
1485 1917 1486 1924 ’

352 2028 449 2070 mense
461 2007 617 2090 septembri
637 2013 722 2072 1795.

396 2110 585 2172 «Cornelius
612 2111 782 2173 Franciscus
806 2111 842 2172 dc
861 2110 954 2182 Nelis,
978 2110 1196 2192 Antverpiensis
1215 2108 1381 2191 episcopus,
1485 2143 1486 2146 =

352 2210 540 2292 amplissimis
553 2211 668 2272 vicariis
679 2211 739 2274 suis
749 2211 946 2292 generalibus,
957 2211 1066 2274 decano
1077 2210 1212 2293 capituli,
1226 2223 1289 2272 tum
1302 2229 1384 2291 prae-

352 2312 409 2374 sidi
419 2312 568 2374 seminarii
580 2313 639 2384 sui,
650 2314 827 2396 caeterisque
836 2313 907 2375 viris
917 2313 1086 2376 clarissimis
1095 2361 1103 2386 ,
1113 2313 1267 2376 secretario
1278 2311 1383 2384 etiam,

353 2413 547 2475 ornatissimis
562 2415 786 2496 clarissimisque
801 2417 830 2477 S.
845 2417 877 2476 P.
893 2418 925 2476 D.
1488 2483 1489 2492 ,

395 2540 411 2573 a
435 2514 519 2590 Quod
547 2517 711 2598 pervarias
735 2529 899 2598 temporum
923 2515 1112 2596 locorumque
1133 2513 1385 2583 circumstancias,
1488 2501 1489 2518 ¹

353 2636 425 2698 quas
438 2628 559 2688 vocant,
574 2615 653 2678 nulla
665 2616 741 2678 inter
755 2637 808 2680 nos
819 2615 992 2678 commercia
1003 2615 1153 2677 literarum
1165 2613 1346 2685 exstiterint,
1357 2625 1387 2674 et

355 2740 426 2802 quas
451 2719 520 2781 dare
543 2719 626 2802 potui
648 2719 748 2782 literas
766 2719 969 2782 interciderint
988 2719 1118 2797 (nullum
1139 2729 1218 2779 certe
1237 2714 1387 2796 hucusque

356 2842 526 2904 responsum
542 2820 639 2900 retuli)
651 2841 737 2902 grave
750 2820 821 2884 mibi
833 2821 904 2893 fuit,
918 2820 1008 2882 immo
1019 2818 1237 2900 gravissimum,
1248 2817 1387 2899 auxitque

356 2943 414 2984 non
430 2942 533 3004 parum
548 2923 678 3006 corporis
692 2922 823 2996 morbos,
838 2921 1010 3006 quibuscum
1025 2919 1199 2982 conflictavi.

398 3049 413 3084 a
436 3027 511 3106 Ego,
535 3024 590 3087 viri
608 3025 781 3108 amplissimi
802 3039 887 3108 atque
909 3024 1102 3097 ornatissimi,
1126 3023 1176 3086 ubi
1202 3020 1387 3084 Hollandiam

358 3127 470 3196 deserui
490 3147 587 3188 menso
602 3127 714 3189 octobri
730 3127 799 3189 anni
814 3126 943 3210 proxime
958 3125 1061 3208 clapsi,
1075 3145 1135 3187 non
1150 3135 1209 3184 tam
1228 3135 1307 3184 metu
1329 3123 1388 3185 ullo

357 3249 443 3312 quam
458 3227 554 3290 studio
569 3249 628 3290 rem
646 3228 747 3290 utilem
763 3228 900 3290 ecclesiae
915 3248 995 3290 meae
1010 3225 1137 3307 mihique
1151 3224 1335 3307 perficiendi,
1360 3234 1389 3285 et

356 3350 444 3410 quom
465 3349 584 3408 semper·
598 3335 629 3392 in
648 3334 721 3392 cotis
739 3331 890 3400 debebam,
917 3347 962 3390 me
985 3329 1013 3390 in
1033 3326 1181 3389 Bavariam
1201 3323 1328 3396 contuli,
1348 3323 1388 3385 ibi

358 3433 546 3513 despecturus
572 3432 601 3491 in
621 3431 738 3496 ,ltaliam
763 3452 800 3494 an
828 3430 1029 3493 vindobonam
1057 3427 1201 3511 proficisci
1228 3426 1390 3509 expeditius

360 3535 442 3596 soret.
458 3532 568 3594 ltaliam
584 3533 675 3612 delegi
693 3546 821 3616 utpotea
836 3533 940 3595 bellico
955 3532 1052 3594 lurore
1066 3543 1127 3592 tum
1140 3529 1233 3608 magis
1249 3528 1389 3598 alienam,

359 3641 482 3700 Romam
507 3634 573 3699 citis
590 3634 743 3698 itineribus
763 3648 872 3717 petens.
892 3635 947 3696 Sed
965 3653 1031 3696 ecce
1047 3632 1118 3692 dum
1137 3630 1297 3692 Bononiam
1323 3649 1390 3711 per·

360 3742 456 3814 venio,
472 3759 576 3820 magna
597 3738 657 3800 illic
671 3738 761 3799 immo
776 3737 917 3802 immensa
936 3735 1001 3795 nive
1018 3732 1144 3815 primurn
1166 3730 1307 3801 detineor,
1326 3742 1390 3790 tum

360 3843 530 3926 erisypelate
553 3840 674 3923 aliisque
691 3835 934 3921 subsequentibus
953 3831 1161 3902 incommodis,
1186 3842 1219 3892 ut
1243 3829 1392 3892 discedere

361 3944 444 4007 illinc
457 3955 525 4008 ante
538 3940 716 4006 caniculares
728 3939 790 4002 dios
803 3959 863 4002 non
875 3934 998 3999 licuerit.
1013 3933 1103 3998 Avide
1114 3932 1201 3996 etiam
1213 3942 1243 3994 et
1253 3941 1348 3994 vestra
1362 3940 1392 3992 et
