2990 4918
783 453 796 547 (
825 450 932 546 rae)

346 605 485 648 mannnm
499 597 528 646 et
539 584 614 647 arcis
628 585 753 668 insignia
764 588 905 670 praesert3
921 609 1018 650 verum
1034 588 1141 651 anilem
1157 587 1230 652 illud
1247 587 1370 652 fabulam

344 685 428 770 sapit.

385 786 500 849 Primus
511 786 790 870 Andoverpiensium
802 788 936 851 meminit
947 790 1070 874 septimo
1079 791 1194 856 saeculo
1205 791 1307 854 beatus
1315 793 1372 852 hu·

344 887 454 950 doenns
466 887 639 970 hothomag.
653 889 682 951 in
694 888 745 951 lib.
756 893 775 951 h
786 888 887 952 devita
901 890 979 953 Beati
992 891 1077 971 Eligii
1090 891 1329 974 Noviomagensis
1339 911 1373 953 ac

242 1030 245 1036 ·
276 1029 279 1046 .
343 989 533 1052 Tornacensis
544 991 685 1074 episcopi,
698 1007 760 1074 cap.
772 995 800 1054 8.
813 992 1014 1056 Nordmannos
1024 995 1212 1073 Antmcrpam
1226 992 1373 1056 civitatem

342 1090 505 1154 incendisse
530 1103 693 1154 memorant
717 1093 836 1156 annales
858 1094 1016 1157 Fuldenses
1037 1115 1083 1156 aa.
1108 1098 1176 1158 856.
1203 1095 1375 1157 humbertus

342 1191 621 1276 Schasnaburgensis
641 1193 671 1255 in
691 1192 742 1255 lib.
760 1193 796 1256 de
817 1195 906 1275 gestis
926 1197 1135 1258 Germanorum
1157 1195 1192 1257 ad
1213 1216 1262 1258 an.
1283 1200 1374 1268 tuat,

343 1299 469 1359 ciuitatis
482 1298 647 1377 Antmerfoc
659 1309 684 1359 et
698 1297 853 1361 Moechiae
867 1299 1031 1380 Amroerfoe
1046 1297 1191 1373 meminit,
1206 1297 1376 1380 Sigebertns

342 1395 433 1458 ferme
460 1418 583 1460 coaevus
611 1397 642 1459 iu
672 1396 809 1460 chronico
837 1399 1042 1479 Andoocrpum
1069 1399 1209 1483 oppidum
1235 1399 1374 1481 appellat,

342 1495 487 1560 hubertus
500 1518 567 1560 vero
583 1497 617 1561 de
633 1501 730 1560 hloute
753 1499 890 1562 Castrum
904 1499 1117 1579 Antuerpr'ensc.
1134 1503 1223 1561 Porro
1238 1498 1267 1560 in
1283 1498 1376 1561 literis

343 1597 461 1660 llildolh
482 1599 636 1684 praepositi
654 1599 754 1664 Sancti
775 1600 921 1664 Michaelis
940 1602 969 1664 in
995 1601 1169 1685 antverpia,
1191 1621 1269 1662 anno
1295 1603 1376 1662 rtet

342 1698 431 1773 datis,
440 1701 550 1763 mentio
561 1701 680 1763 litaurei
690 1701 802 1763 nummi
811 1703 1028 1785 hntverpieusis
1040 1713 1173 1764 monetae
1185 1715 1213 1764 et
1225 1700 1375 1784 ponderis,

341 1801 418 1883 quod
433 1814 605 1884 argumento
619 1814 662 1864 est
679 1813 748 1864 tunc
763 1801 803 1864 ihi
821 1815 967 1866 monetam
983 1802 1071 1865 luisse
1086 1823 1264 1885 percussam.
1278 1801 1377 1864 Crevit

272 1922 275 1930 ·
342 1913 437 1962 autem
463 1901 533 1965 haec
548 1901 616 1964 urbs
631 1922 763 1964 successu
781 1902 919 1984 temporis
935 1915 1014 1966 tanta
1030 1902 1258 1965 inhabitantium
1274 1902 1376 1964 multi·

343 2002 443 2064 tudine
461 2003 651 2087 undequaque
665 2003 815 2076 abluente,
830 2003 954 2067 maxime
973 2003 1010 2066 ob
1030 2025 1183 2066 amoenum
1199 2003 1375 2076 lorishaim,

342 2103 532 2187 gerendisque
545 2104 727 2167 commerciis
741 2118 953 2188 opportunum,
968 2104 1184 2188 utaliquando,
1207 2105 1375 2188 praesertim

342 2225 389 2266 an.
403 2210 481 2269 teau
493 2219 642 2269 numerata
656 2207 764 2269 luerint
779 2207 886 2269 civium
899 2220 928 2270 et
940 2206 1056 2270 aliunde
1068 2207 1267 2269 accedentium
1280 2208 1377 2290 capita

342 2325 430 2388 supra
444 2307 568 2368 ducenta
582 2306 776 2380 millio,1rude
790 2327 849 2368 non
866 2307 971 2368 mirum
987 2306 1107 2368 siurbis
1121 2307 1270 2388 pomoeria
1284 2327 1377 2388 usque

342 2408 428 2469 tertio
442 2407 587 2471 dilatanda
603 2407 724 2480 luerint,
738 2408 823 2470 aunis
834 2409 968 2471 videlicet
981 2412 1070 2480 thol,
1084 2411 1122 2470 al.
1140 2411 1217 2470 thol
1230 2407 1284 2469 sub
1298 2411 1377 2468 llen·

342 2509 403 2571 rico
415 2510 509 2591 primo
521 2509 691 2572 hrabantiae
701 2508 782 2581 duce,
798 2513 874 2572 tata
885 2509 939 2572 sub
950 2510 1081 2575 lohanne
1092 2511 1187 2583 tertio,
1196 2523 1225 2572 et
1235 2529 1282 2571 an.
1296 2513 1376 2572 teta

343 2622 484 2691 regnante
497 2610 599 2674 Carolo
616 2613 638 2672 V
653 2631 776 2673 caesare.

384 2709 470 2774 Urbis
485 2711 598 2774 moenia
611 2710 700 2772 nullis
714 2710 805 2772 ferme
819 2722 879 2771 tota
894 2712 1009 2794 Europa
1024 2709 1226 2792 comparanda.
1242 2709 1378 2774 Civitatis

343 2825 454 2894 partem
470 2812 776 2885 tutaturlatissimum
800 2810 920 2883 [lumem
940 2823 969 2873 et
990 2810 1109 2894 nequid
1132 2810 1194 2893 ejus
1217 2811 1376 2874 munitioni

342 2915 466 2985 deesset,
477 2927 603 2977 castrum
615 2914 731 2996 insigne
741 2935 791 2976 seu
805 2935 854 2976 arx
865 2913 987 2977 excitata
999 2923 1043 2974 est
1053 2933 1118 2976 cunr
1130 2933 1182 2976 sua
1195 2913 1316 2996 planitie
1327 2935 1376 2976 au.

344 3018 421 3078 aaut
431 3013 513 3097 jussu
529 3014 703 3076 Ferdinandi
718 3013 801 3076 ducis
811 3012 931 3085 athoni,
948 3011 1037 3094 belgii
1050 3011 1269 3093 gubernatoris,
1281 3026 1310 3076 et
1321 3017 1377 3076 l‘a·

341 3116 424 3176 ciotti
441 3115 589 3178 Urbinatis
603 3113 724 3176 celebris
738 3113 887 3176 architecti
902 3133 1005 3195 opera,
1025 3133 1097 3194 quae
1115 3113 1162 3174 uix
1175 3112 1275 3176 decern
1291 3115 1377 3177 annis

342 3227 477 3287 steterat,
498 3236 586 3298 quum
612 3235 678 3297 pars
701 3215 826 3276 maxima
845 3214 904 3278 solo
922 3212 1046 3297 dejecta,
1062 3214 1148 3297 patilo
1167 3227 1233 3297 pust
1250 3217 1377 3300 amplior

343 3317 452 3378 iterum
466 3315 589 3377 surrexit
603 3326 689 3397 atque
703 3314 854 3377 munitior.

383 3421 461 3480 luter
475 3417 603 3478 aedilicia
616 3415 730 3498 publica
743 3417 852 3479 eminet
866 3416 945 3478 curia
957 3437 1007 3480 seu
1020 3417 1163 3480 senatoria
1174 3416 1279 3480 domus
1289 3439 1376 3500 opere

342 3518 484 3602 quadrato
499 3539 532 3579 ac
550 3517 725 3600 pereleganti
741 3529 876 3580 renovata
889 3538 966 3580 anno
981 3521 1071 3590 1560,
1086 3539 1171 3601 qnam
1183 3518 1293 3582 infelici
1306 3539 1375 3582 casu

342 3618 419 3680 haud
432 3619 523 3701 multo
535 3631 599 3700 post
612 3631 741 3682 exustam
749 3618 939 3703 splendidiori
950 3619 1096 3683 schemate
1108 3620 1236 3686 restituit
1247 3634 1375 3693 senams,

342 3732 371 3784 ct
385 3720 470 3782 aunis
484 3723 561 3784 lll5
574 3732 601 3781 et
615 3723 702 3791 tatu,
717 3741 774 3802 quo
789 3718 937 3803 pulchrior
947 3732 1022 3782 esset
1035 3720 1163 3803 ejusdem
1177 3721 1281 3784 domus
1293 3744 1375 3806 pros-

342 3835 460 3904 pectus,
475 3820 569 3882 lorum
592 3819 720 3882 anterius
738 3841 787 3883 seu
807 3819 930 3903 plateam
952 3821 1087 3884 laxiorem
1108 3820 1244 3885 reddidit.
1267 3825 1371 3896 bursa,

341 3943 398 4005 qno
411 3934 585 3984 mercatores
595 3911 786 3998 convellicat,
799 3923 916 4004 elegans
928 3943 977 4005 per
987 3923 1085 3989 omnia
1097 3937 1238 4016 opusest,
1251 3926 1373 4006 «quatra
