2978 4916
119 624 254 676 mentum
268 627 297 677 et
311 613 437 699 diploma
451 617 670 700 approbationis
684 614 857 693 burchardi,
876 632 1032 703 utrumque
1048 619 1150 684 daturu'

120 736 198 778 anno
214 719 303 791 ttat,
318 730 430 781 exstant
444 719 520 802 apud
536 721 689 796 Minaeum,
705 733 726 784 t.
740 725 762 794 l,
777 742 804 804 p.
817 725 865 786 85.
880 725 946 785 blox
955 743 1024 786 vero
1033 726 1062 787 S.
1075 727 1150 787 Nor·

120 817 232 888 bertus,
244 818 401 884 Godelrldo
415 821 488 882 duce
503 822 707 904 botharingiae
717 835 746 886 et
758 817 878 885 Loranii
889 824 996 886 comite
1006 826 1150 908 impensas
1199 841 1201 846 ’

119 920 336 1001 suppeditante,
361 921 525 984 caenobium
548 923 725 1010 aedificavit,
746 925 776 985 in
798 945 855 1006 quo
879 924 1029 989 duodecim
1050 947 1066 987 e
1089 927 1150 988 suis

119 1019 247 1103 alumnis
263 1021 374 1102 posuit,
388 1043 501 1093 omnes,
517 1024 667 1107 lnqniunt,
683 1025 845 1105 theologiae
858 1025 996 1108 gradibus
1007 1027 1149 1109 insignes,

119 1121 218 1203 eisque
239 1120 457 1184 Waltmannum
480 1119 615 1187 abbaterir¹
634 1125 780 1208 pracfecit.
803 1128 861 1188 Nec
883 1126 975 1194 multo
996 1128 1150 1210 posthaec

118 1220 235 1284 abbatia
257 1235 316 1284 tres
337 1223 408 1284 alias
432 1222 558 1306 peperit,
580 1225 840 1299 averbodieusem,
860 1225 1100 1306 l'ongerloensem
1120 1239 1150 1291 at

118 1322 403 1404 bliddolburgensem
418 1322 447 1385 in
459 1325 602 1388 Zelaudia.
616 1324 748 1388 Habebat
762 1326 876 1388 abbatia
890 1339 1053 1410 pastoratus
1067 1327 1103 1392 ab
1117 1349 1149 1392 ea

118 1422 315 1506 dependentes
329 1424 474 1506 regulares
489 1446 606 1501 nouem,
620 1426 754 1489 videlicet
766 1427 795 1488 iu
808 1427 930 1491 dioecesi
946 1430 1147 1513 dntverpiensi

119 1523 316 1599 Minderbaut,
337 1529 442 1597 licere,
463 1527 910 1611 blercxplas,Vorselaer1prope
930 1531 1144 1606 Turnbautunr,

118 1627 236 1700 Reerse,
250 1625 532 1699 soracten-wesen
551 1630 664 1690 Denrne
680 1641 710 1690 et
727 1627 888 1701 Borsbelte,
907 1642 936 1692 et
955 1629 1009 1693 sub
1025 1630 1148 1694 dioecesi

117 1724 318 1787 bleebliniensi
333 1725 580 1793 Nederoclrerseel.

157 1829 275 1888 Caetera
292 1848 366 1911 qnae
383 1827 424 1890 ‘ad
447 1828 525 1892 illius
543 1829 711 1892 monasterii
731 1829 882 1893 historiam
901 1831 1064 1913 pertinent,
1084 1832 1149 1894 ride

116 1929 193 2010 apnd
207 1929 381 2004 Sardorum,
401 1932 488 1992 arar.
503 1927 610 1992 illutstr.
626 1941 647 1992 t.
662 1934 689 2003 l,
705 1952 732 2014 p.
748 1935 787 1996 88
800 1945 830 1994 et
842 1953 923 2016 seqq.

493 2169 590 2234 Series
603 2171 734 2232 abbatum
746 2173 770 2230 ¹.

156 2354 177 2411 l.
199 2352 235 2413 B.
257 2351 459 2416 Woltmannue
475 2354 510 2413 de
527 2335 630 2414 Holtra
653 2331 766 2435 primus
782 2371 798 2412 a
812 2352 842 2413 S.
859 2331 1000 2413 Norb‘erto
1014 2348 1082 2413 lruic
1099 2371 1147 2414 ec·

115 2453 219 2514 olesiae
240 2452 324 2515 datus
345 2467 388 2515 est
406 2452 494 2515 abbas
517 2473 594 2515 anno
619 2457 711 2526 lidi,
734 2474 819 2536 quern
839 2465 937 2515 tamen
956 2451 1062 2518 alieubi
1076 2454 1148 2532 legi-

115 2543 279 2616 mustanno
300 2567 412 2617 tantum
437 2558 515 2618 llil)
535 2554 667 2617 abbatem
689 2556 866 2640 ordinatum.
884 2562 921 2617 At
939 2568 1017 2617 corte
1038 2575 1148 2618 merno-

116 2668 197 2716 ratur
209 2660 286 2718 1155
295 2657 324 2719 in
335 2657 433 2718 charta
444 2657 602 2719 Burobardi
615 2658 742 2741 episcopi
757 2658 970 2720 Cameracensis
982 2657 1011 2718 in
1028 2657 1147 2720 ecclesia

114 2756 321 2837 Tongerloeusi
342 2761 641 2844 Praemonstrrtenses
659 2759 814 2820 canonicos
834 2747 1014 2819 instituentis
1027 2760 1051 2819 ².
1072 2761 1148 2820 Con-

115 2857 195 2919 ditus
213 2869 257 2918 est
277 2858 306 2918 in
325 2857 414 2920 latere
432 2858 594 2939 aquilonari
612 2859 693 2920 naris
706 2858 857 2930 ecciesiae,
877 2857 931 2919 sub
950 2857 1051 2920 tumba
1070 2879 1147 2920 mar-

114 2981 232 3032 morea,
249 2962 296 3024 cui
315 2961 459 3044 insculpta
478 2973 540 3023 erat
560 2982 662 3024 manus
683 2963 788 3045 pedum
807 2960 950 3045 pastorale
966 2961 1146 3044 praeferens,

114 3083 181 3125 cnm
196 3063 250 3124 bac
264 3063 343 3125 brevi
358 3063 387 3124 in
403 3064 526 3125 circuitu
541 3065 698 3146 epigraphe
716 3085 723 3124 :
748 3065 805 3125 Hic
812 3066 890 3144 jacet
903 3049 1035 3125 dominus
1055 3064 1148 3128 Wolt-

113 3185 241 3226 manuus
256 3169 374 3244 primur
395 3169 481 3228 obbae
502 3167 589 3245 bajus
608 3169 747 3236 ecclesiae,
772 3170 822 3246 prrr'
841 3168 909 3227 obiit
931 3183 1009 3225 carro
1031 3153 1167 3226 nomint

115 3267 350 3331 MCXXXVHI.
362 3267 460 3329 XVII.
474 3269 529 3328 cal.
542 3269 629 3330 Maii.
641 3270 677 3328 Et
691 3266 745 3328 bac
754 3266 870 3349 quidem
883 3266 929 3327 die
943 3265 1019 3327 iuter
1032 3278 1148 3327 sanctos

115 3367 242 3429 refertur
255 3366 290 3428 ab
308 3367 423 3429 andrea
440 3367 478 3428 du
493 3369 614 3450 Sanssay
628 3369 659 3429 in
675 3388 726 3452 sno
740 3355 946 3450 martyrologio
965 3366 1146 3430 Gallicanot.

155 3472 188 3529 ll.
210 3469 362 3529 Emcliaue
383 3467 471 3529 abbas
491 3481 604 3530 creatus
625 3483 670 3542 an'.
694 3470 787 3539 trau„
808 3467 964 3551 paciscitur
987 3469 1078 3552 illd,
1101 3467 1147 3530 in-

114 3569 185 3632 dict.
207 3571 256 3641 lli,
280 3589 345 3630 curn
369 3569 518 3632 canonicis
541 3572 569 3632 S.
592 3569 706 3633 Mariae.
730 3575 814 3631 auno
839 3573 916 3634 trab
937 3567 1086 3632 oct-ledam
1110 3570 1146 3632 de

149 3822 156 3851 ¹
177 3805 297 3875 Abbatunr
308 3823 429 3890 epitaphia
442 3824 516 3878 refert
533 3803 647 3877 Swertius
658 3823 683 3876 in
696 3824 812 3875 Mortem.
824 3825 932 3908 copulor.
946 3823 1026 3876 Brad.
1033 3860 1043 3890 ‚
1055 3840 1078 3890 p.
1092 3825 1147 3880 lab.

148 3914 159 3944 ¹
177 3910 245 3972 Apud
257 3909 388 3977 Minaeum,
400 3919 417 3962 t.
431 3914 454 3980 1,
467 3928 490 3977 p.
500 3911 540 3962 97.

148 3997 159 4027 ⁸
176 3995 235 4048 Vide
245 3996 376 4049 editionem
388 3993 685 4048 nostram'Bruxellenscm
697 3995 785 4048 Bntleri
793 4005 826 4064 ‚t.
834 3997 879 4062 ll.‚
890 4011 914 4060 p.
925 3995 984 4046 ata.
