2990 4918
786 460 937 562 (tna)

346 600 474 685 pendant
492 601 518 664 la
539 601 699 665 revolution
722 599 937 680 brabanpunne,
956 613 1082 686 proteste
1100 603 1184 668 d'une
1200 601 1310 666 fideliss
1330 605 1374 666 in·

345 704 467 766 viulable
479 727 551 786 pour
565 705 690 776 laneum,
705 717 734 766 et
748 705 888 768 ‹lemaude
901 706 1109 775 l'autorisulion
1123 706 1159 768 dc
1172 706 1296 788 pcuvoir
1309 727 1374 768 sou-

345 817 450 866 mettre
461 809 477 866 a
490 808 518 868 S.
528 808 565 866 M.
578 805 716 889 quelques
728 805 880 868 rellexiuns
891 827 941 866 sur
951 807 977 867 le
987 806 1053 868 bien
1066 806 1134 887 qu'il
1149 806 1237 868 serait
1251 806 1375 889 possible

344 904 473 988 d'operer
486 927 521 968 en
538 906 690 988 Belgicus,
706 927 744 968 en
758 907 911 988 indiquant
927 907 967 971 les
983 928 1067 970 maun
1081 920 1110 968 el
1128 908 1170 972 les
1182 909 1322 972 remedes.
1337 943 1374 956 -

344 1009 396 1069 Ec
411 1011 592 1090 aulcpruplm
606 1012 732 1070 crclu‘ull
746 1013 820 1090 cepi-i
838 1011 1044 1070 Bruxeliensis.

386 1114 495 1173 Desunt
514 1110 597 1172 nobis
619 1111 718 1172 literne
739 1110 888 1172 abeodem
906 1112 1035 1191 praesule
1048 1111 1083 1174 ml
1099 1111 1266 1175 ministrum
1283 1131 1376 1174 caesa·

345 1231 427 1272 teum
437 1210 572 1272 comitem
586 1209 884 1272 ‹le'l'rauttmansdcrl
892 1211 1028 1292 scriptae,
1040 1213 1070 1272 in
1083 1211 1197 1291 quihus,
1209 1225 1242 1274 ut
1253 1213 1377 1285 videtur,

346 1311 423 1374 inter
442 1312 497 1372 alia
516 1312 656 1392 agebatur
671 1313 707 1376 de
727 1313 904 1374 restituenda
923 1313 1060 1378 societate
1079 1318 1161 1384 lesu,
1182 1327 1212 1376 et
1230 1335 1302 1395 ques
1322 1314 1377 1378 mi-

345 1414 438 1476 nister
451 1414 499 1476 ille
514 1436 571 1476 unu
586 1435 650 1476 cum
672 1414 763 1476 literis
782 1415 882 1476 dedic
904 1419 941 1476 ta
959 1414 1025 1497 julii
1045 1416 1213 1498 imperatori
1234 1415 1330 1488 irrisit.
1347 1429 1377 1478 ut

346 1535 382 1596 es
394 1515 583 1596 sequentihus
596 1515 780 1596 documentis
794 1527 908 1578 constat
922 1537 931 1574 :

511 1654 525 1688 ιι
548 1630 624 1702 ὃὶιθ,

390 1767 404 1800 n
427 1743 477 1804 l'ai
498 1741 649 1805 l’honnenr
669 1743 704 1805 de
725 1755 830 1805 mettre
854 1744 1137 1807 tres-humblement
1158 1766 1212 1808 aux
1239 1745 1320 1828 pleds
1344 1748 1378 1807 tle

350 1870 364 1901 n
390 1846 477 1905 Votre
493 1843 611 1925 llajeste
633 1865 689 1906 unc
709 1845 793 1907 lettre
812 1866 867 1926 que
889 1845 929 1906 lui
949 1845 1063 1907 adresse
1083 1846 1208 1929 leveque
1228 1848 1378 1921 dilucere,

350 1971 365 2004 ι
389 1965 457 2008 avec
471 1944 543 2007 celle
559 1944 631 2006 dans
645 1945 769 2028 laquelle
782 1966 815 2008 ce
830 1945 921 2028 prelat
933 1947 1028 2008 l'avnit
1042 1949 1161 2010 inseres.

918 2073 931 2105 n
955 2051 1237 2112 Tnnumnmsncas.»

389 2183 432 2245 td
454 2183 613 2263 marginem
636 2183 793 2265 imperatur
814 2183 984 2244 Franciscus
1009 2187 1030 2243 ll
1049 2183 1124 2245 hanc
1143 2181 1308 2266 aposlillam
1329 2184 1379 2246 ad-

348 2285 465 2368 scripsit
480 2307 487 2345 :
506 2310 520 2342 u
535 2287 566 2347 le
581 2305 651 2345 vous
667 2288 782 2345 renvuie
795 2283 927 2368 ci-juinle
941 2285 966 2345 la
980 2284 1065 2349 lettre
1080 2306 1135 2366 que
1152 2285 1277 2368 leveque
1294 2285 1380 2348 d’rln·

351 2412 365 2444 n
389 2407 453 2448 vers
463 2386 543 2446 nient
558 2385 592 2447 ‹le
605 2385 780 2456 m'aulrcsser,
791 2407 859 2447 avec
873 2385 944 2447 celle
957 2383 1023 2470 qu’il
1036 2407 1052 2448 a
1063 2387 1177 2448 ecrilea
1190 2407 1271 2448 vous.
1283 2389 1381 2462 Quntil

352 2512 366 2544 n
390 2493 406 2548 a
427 2486 453 2548 ln
469 2487 599 2558 misane,
612 2488 643 2569 je
660 2507 730 2547 tuus
746 2487 808 2566 prie
826 2486 861 2547 de
881 2486 993 2548 dresser
1008 2507 1064 2548 utne
1083 2489 1195 2549 minute
1209 2488 1245 2549 de
1259 2490 1381 2572 repense

352 2614 367 2648 ι
391 2611 426 2650 en
447 2602 554 2650 termes
571 2594 716 2668 generauit
735 2599 765 2649 et
778 2588 869 2671 polis,
887 2601 915 2650 et
930 2587 965 2649 de
980 2609 1025 2648 me
1039 2589 1182 2671 l'envcycr
1195 2609 1269 2670 pour
1284 2610 1329 2650 ma
1344 2590 1382 2650 si·

352 2717 366 2748 s
390 2703 522 2770 gnature.
538 2693 614 2774 Dans
629 2689 655 2751 la
671 2696 791 2772 repense
805 2711 861 2771 que
874 2711 945 2751 vcus
960 2690 999 2750 lui
1017 2689 1089 2750 lerez
1103 2711 1137 2750 cn
1153 2704 1235 2752 volte
1254 2691 1381 2773 particu-

351 2818 365 2851 ι)
391 2793 453 2864 liet,
473 2813 545 2853 votus
560 2813 644 2853 aurez
658 2791 721 2852 scin
744 2792 779 2853 de
796 2812 832 2852 nc
846 2811 896 2874 pas
911 2789 1031 2851 toacher
1044 2790 1163 2851 l'article
1177 2791 1212 2851 ‹lc
1229 2789 1255 2851 lu
1276 2792 1382 2852 sosine

352 2921 366 2952 n
391 2895 440 2956 des
450 2894 572 2977 jesuites
589 2894 653 2975 qni,
667 2914 703 2953 vu
720 2893 760 2954 les
774 2899 985 2974 consequences
999 2892 1048 2974 qui
1062 2912 1098 2952 en
1113 2892 1329 2964 resulteraient‚
1347 2913 1382 2954 ne

1493 2529 1494 2554 l

1492 2631 1494 2702 l

1492 2749 1494 2783 l

1491 2793 1493 2830 l

1492 2957 1493 2974 ι

1492 2983 1493 3004 l

352 3020 366 3053 n
391 2995 500 3057 saurait
520 3001 580 3056 etue
600 3006 793 3056 aucuuement
812 2993 918 3055 toleres
937 2993 966 3053 ni
981 3013 1016 3054 en
1032 2993 1126 3054 entier
1140 2992 1170 3054 ni
1187 3014 1222 3054 en
1239 2993 1381 3075 parlie-
1492 3045 1493 3048 ,

352 3121 366 3155 n
391 3101 530 3170 Faunccts.
544 3133 585 3142 —
604 3095 724 3166 Vicum,
739 3098 801 3156 cel
816 3099 884 3156 acllt
899 3097 987 3155 1795.
1005 3120 1019 3151 u

391 3204 410 3260 l
434 3202 602 3258 nuveurbris.
626 3197 803 3258 Circulairen
826 3193 904 3257 briel'
923 3215 975 3256 aen
1000 3195 1035 3258 de
1055 3195 1122 3257 land
1143 3194 1250 3258 deluens
1270 3217 1325 3259 van
1348 3197 1382 3260 tle

351 3297 501 3359 districlen
524 3317 578 3357 van
605 3303 795 3377 Anttverpen‚
823 3293 895 3364 lieu,
921 3295 1106 3366 llere'nthals,
1129 3299 1324 3378 Hccgstraleu
1347 3318 1380 3358 cn

351 3399 454 3471 Gheel‚
471 3411 512 3459 lot
527 3398 750 3477 aenmoetliging
765 3418 811 3457 cm
831 3397 973 3478 provisien
989 3419 1023 3458 en
1038 3395 1103 3478 geld
1119 3409 1147 3459 le
1158 3395 1299 3478 bezorgen
1314 3417 1381 3458 unct·

262 3523 282 3536 ²
350 3502 385 3563 de
401 3501 495 3581 legens
508 3519 562 3560 van
577 3501 654 3582 Zyne
668 3497 816 3581 Majesleyl
830 3497 884 3559 den
901 3497 993 3560 keizcr
1006 3510 1089 3580 legen
1106 3497 1141 3558 de
1155 3498 1330 3559 Frnnschen.
1346 3534 1377 3543 -

350 3603 432 3666 Edit.
447 3601 533 3672 in-l⁰‚
547 3599 594 3661 lul.
608 3603 642 3671 4;
653 3603 801 3660 αιΙιίιιιιιιιν
813 3603 912 3660 literne
925 3601 1067 3661 Orutnnm
1082 3601 1271 3671 Brullanline,
1283 3601 1381 3680 quium

350 3707 403 3765 illu
418 3706 482 3764 belli
492 3705 620 3763 subsidia
634 3713 774 3779 repetunt.

394 3809 431 3865 l5
443 3807 602 3865 decembris.
611 3802 739 3884 Epistula
750 3800 848 3863 Nelisii
862 3800 896 3862 ad
905 3803 1056 3862 Summum
1067 3801 1236 3863 Pontificem
1244 3803 1326 3862 Pium
1335 3801 1379 3874 Vl,

353 3905 494 3970 Bruxellis
517 3905 599 3978 data,
616 3925 672 3989 qua
690 3905 763 3987 petit
787 3914 819 3965 ut
830 3888 891 3966 'sibi
914 3903 1034 3964 facultas
1048 3902 1144 3975 detur,
1160 3906 1246 3965 etiam
1263 3923 1320 3965 uun
1338 3924 1380 3964 re·

353 4009 460 4093 quisito
481 4007 526 4070 sui
547 4004 666 4090 capituli
691 4023 847 4076 consensu,
871 4001 946 4066 bone
970 3999 1109 4087 quaedam
1133 4001 1177 4066 sui
1200 4004 1381 4089 episcopatus
