2990 4918
662 381 913 562 ⁸(ffl)

324 601 415 675 lactc,
433 601 584 668 ordinatur
598 623 613 666 a
628 601 784 674 vicariatu,
801 615 832 665 ut
845 603 911 666 loco
929 600 1066 672 collectas
1080 601 1115 664 de
1129 600 1205 664 bello
1220 600 1340 666 iumiss

327 707 448 768 addatur
462 705 580 769 collecta
596 725 648 788 pro
662 723 740 788 parc.
851 723 853 728 ·

361 811 394 868 dl
413 805 751 869 novembrialsselstadii
767 825 820 888 pro
834 805 891 867 tide
905 803 968 867 exul
984 804 1058 867 obiit
1070 804 1197 867 vicarius
1211 804 1358 886 generalis

319 915 343 974 l.
359 913 390 982 F.
406 912 437 972 b.
455 908 642 976 Wurbrooclt.
657 907 716 970 Clr.
729 909 842 970 Oratio
851 909 885 968 de
896 909 1044 978 Laudibus
1057 909 1159 987 quibus
1174 918 1281 968 ueteres
1296 909 1355 971 Lo-

322 1014 503 1087 ocnicarium
521 1013 652 1090 ereoiopi
669 1011 766 1088 raderi
783 1019 961 1090 pessumap.
980 1010 1047 1072 tae.

357 1116 380 1188 ᾗ)
405 1114 567 1175 deeonrbrs's.
588 1111 689 1182 Missae
713 1108 749 1170 ad
773 1108 896 1170 vicarios
920 1106 1068 1186 generales
1091 1107 1318 1190 Antrerpiensas
1340 1129 1356 1170 a

323 1211 464 1288 cardinali
480 1215 620 1292 ,Caprara
640 1212 689 1274 SS;
709 1213 742 1274 D.
768 1209 815 1284 Pii
834 1211 888 1272 PP.
910 1211 958 1269 Vll
979 1207 1066 1287 legati
1089 1207 1234 1282 alatam,
1255 1208 1357 1272 literae

323 1313 429 1397 quibus
449 1312 484 1374 ad
501 1311 717 1374 instaurandam
739 1310 768 1372 in
790 1309 958 1390 regionibus
974 1309 1082 1372 nostris
1098 1309 1266 1372 animorum
1286 1329 1358 1372 con-

323 1414 467 1490 cordiam,
480 1413 517 1485 ad
529 1411 666 1488 ecclesiae
681 1411 790 1475 bouum
812 1423 841 1472 et
855 1409 1034 1494 reipublicae
1050 1409 1211 1472 utilitatem
1227 1430 1360 1472 necessa-

323 1516 412 1587 riam.
426 1512 645 1597 praescribitur
669 1511 772 1578 modus
800 1511 968 1595 imponendi
994 1510 1083 1573 smem
1111 1510 1357 1584 dissentionibus,

323 1635 396 1700 quae
412 1627 530 1698 propter
550 1613 733 1682 notissimum
749 1612 948 1694 juramentum
969 1612 1029 1677 odii
1049 1612 1079 1674 in
1099 1612 1208 1692 regiam
1231 1624 1359 1695 potesta-

324 1731 382 1780 tem
403 1719 432 1806 in
449 1717 548 1798 Belgio
567 1715 602 1778 ad
621 1714 699 1781 bunc
717 1713 808 1784 ferme
822 1713 905 1778 diem
926 1725 1103 1778 exarserunt.
1118 1750 1156 1762 -
1173 1723 1249 1776 Acta
1271 1720 1357 1795 episc.

321 1817 1096 1902 mmmmmmwnmmmt

365 1926 404 1984 te
417 1922 539 2000 duamur
553 1922 666 1980 marsis.
680 1920 708 1979 ln
722 1935 858 1998 responsu
872 1915 911 1992 ad
920 1915 972 1978 bas
985 1915 1083 1978 literas
1094 1928 1244 1998 exponunt
1255 1917 1358 1979 vicarii

325 2019 473 2104 generales
487 2024 527 2097 (J.
546 2022 579 2080 H.
598 2020 658 2080 Van
676 2016 768 2090 aroer,
786 2021 811 2090 l,
827 2022 860 2078 Α.
876 2019 1032 2088 scarnen,
1052 2018 1085 2077 G.
1097 2020 1122 2079 l.
1140 2019 1171 2078 tt.
1191 2019 1254 2080 Van
1272 2020 1359 2080 Bom-

325 2123 433 2205 bergen
448 2135 477 2183 et
491 2125 515 2185 J.
531 2122 686 2200 l'orgeur),
703 2118 780 2200 quod
799 2138 853 2180 nec
875 2117 1002 2200 episcopi
1019 2118 1110 2199 Belgii
1128 2138 1180 2180 nec
1200 2117 1359 2181 vicariatus

324 2221 542 2305 Autrerpicusis
553 2241 689 2304 umquam
702 2218 883 2285 traduxerint
893 2219 1008 2301 juratos
1022 2233 1167 2302 nmquam
1182 2219 1359 2292 haereticos,

326 2325 524 2398 schismaticos
536 2336 565 2385 et
574 2321 852 2391 excommunicatos.
864 2333 894 2383 ct
908 2332 1010 2403 petunt
1026 2336 1057 2384 ut
1071 2321 1246 2385 auctoritate
1257 2324 1359 2402 Legati

326 2427 540 2514 praescribatur
552 2424 691 2498 lormola,
706 2422 891 2506 quamjurati
906 2442 1007 2486 omnes
1022 2421 1194 2504 subsignare
1204 2422 1357 2495 deberent.

328 2569 369 2584 --
379 2540 455 2594 Aeta
468 2534 552 2609 episc.
568 2529 620 2609 sol.
634 2547 661 2594 a.
676 2532 725 2590 bl.

367 2639 401 2699 ‘li
427 2635 550 2713 sinam
569 2633 681 2692 menna.
698 2627 809 2690 Litorac
826 2626 866 2688 de
881 2625 928 2688 die
946 2629 965 2688 9
984 2623 1150 2688 novembris
1168 2627 1358 2708 dutrerpiam

325 2737 465 2823 perlatae,
480 2732 585 2816 quibus
600 2730 730 2792 Nuncius
744 2727 919 2812 apostolicus
929 2726 1121 2798 coloniensis,
1136 2726 1361 2811 archepiscopus

328 2840 412 2925 Tyri,
427 2838 536 2900 indicat
549 2836 657 2898 decano
671 2846 700 2895 et
714 2830 861 2894 canonicis
874 2829 1132 2911 antverpiensibus
1144 2830 1360 2911 procedendum

328 2962 390 3006 csse
404 2939 440 3004 ad
454 2937 686 3022 suppressionem
701 2931 821 3015 capituli
835 2944 864 2994 ct
877 2930 1006 2994 varentis
1019 2930 1096 2993 sedis
1104 2929 1277 3014 episcopalis
1287 2937 1362 2995 Ant·

327 3040 496 3124 verpiensis.
511 3072 550 3086 -·
566 3039 641 3100 latu.
659 3037 711 3116 [ob
725 3038 774 3098 56.·
1285 3033 1287 3038 “

370 3147 462 3206 Hasce
481 3140 581 3204 literas
599 3136 821 3200 archidiaconus
844 3134 880 3197 de
898 3133 978 3198 Vries
991 3134 1218 3198 communicavit
1238 3134 1360 3199 uicaria·

329 3245 388 3317 tuli,
403 3244 451 3328 qui
465 3241 578 3308 censuit
592 3240 670 3303 illico
690 3235 906 3306 assentiendum
920 3255 982 3298 esse
995 3247 1063 3314 uotp
1078 3236 1191 3298 Summi
1209 3237 1362 3299 Pontiticis

330 3350 360 3412 in
381 3347 466 3410 dictis
481 3344 573 3408 literis
591 3361 742 3423 expresso,
757 3350 792 3407 ,et
806 3337 935 3420 ,proinde
953 3337 1029 3400 intre
1046 3337 1144 3400 decom
1165 3339 1362 3422 praescriptos

329 3449 390 3512 alies
403 3447 530 3512 dandum
545 3461 607 3506 esse
621 3441 752 3504 absolute
766 3451 795 3500 et
809 3438 899 3500 libero
914 3437 1033 3520 capituli
1049 3457 1222 3500 consensum
1239 3438 1276 3500 iis
1296 3459 1361 3501 om·

331 3550 432 3619 nibus,
452 3566 524 3629 quae
542 3543 687 3606 Sanctitas
708 3561 759 3602 sua
777 3539 813 3601 de
833 3538 952 3601 ecclesia
974 3537 1130 3602 cathedrali
1154 3540 1361 3622 Antrerpiensi

331 3661 447 3714 statuet.
462 3646 607 3710 Postridie
622 3642 793 3712 vicariorum
814 3639 957 3702 sententia
977 3641 1189 3702 communicata
1206 3639 1263 3702 luit
1279 3661 1363 3724 pras-

332 3753 411 3815 dicto
421 3747 623 3812 archidiacono
632 3743 777 3815 delicies,
792 3741 841 3824 qui
854 3754 1018 3822 praesentes
1029 3741 1058 3802 in
1074 3741 1190 3803 ciuitate
1203 3743 1363 3804 canonicos

331 3850 508 3917 conuocauit.
534 3846 637 3910 Habita
660 3844 885 3926 congregatione
913 3841 1065 3925 capitulari
1090 3841 1138 3904 die
1164 3847 1197 3912 ll
1227 3842 1361 3924 ejusdem

332 3955 454 4026 mensis.
472 3969 573 4014 omnes
589 3959 754 4032 praesentes
764 3945 899 4008 canonici
910 3943 1079 4026 judicarunt
1093 3945 1228 4027 expedire
1243 3959 1275 4008 ut
1290 3966 1363 4008 cou-
