<?xml version="1.0" encoding="UTF-8"?>
<!DOCTYPE html PUBLIC "-//W3C//DTD XHTML 1.0 Transitional//EN"
    "http://www.w3.org/TR/xhtml1/DTD/xhtml1-transitional.dtd">
<html xmlns="http://www.w3.org/1999/xhtml" xml:lang="en" lang="en">
 <head>
  <title>
</title>
<meta http-equiv="Content-Type" content="text/html;charset=utf-8" />
  <meta name='ocr-system' content='tesseract 3.04.00' />
  <meta name='ocr-capabilities' content='ocr_page ocr_carea ocr_par ocr_line ocrx_word'/>
</head>
<body>
  <div class='ocr_page' id='page_1' title='image "./synopsisactorum00ramgoog_0245.png"; bbox 0 0 2978 4916; ppageno 0'>
   <div class='ocr_carea' id='block_1_1' title="bbox 552 475 701 574">
    <p class='ocr_par' dir='ltr' id='par_1_1' title="bbox 552 475 701 574">
     <span class='ocr_line' id='line_1_1' title="bbox 552 475 701 574; baseline -0.034 -25"><span class='ocrx_word' id='word_1_1' title='bbox 552 475 701 574; x_wconf 78' lang='lat' dir='ltr'><strong>(aar)</strong></span> 
     </span>
    </p>
   </div>
   <div class='ocr_carea' id='block_1_2' title="bbox 532 698 732 750">
    <p class='ocr_par' dir='ltr' id='par_1_2' title="bbox 532 698 732 750">
     <span class='ocr_line' id='line_1_2' title="bbox 532 698 732 750; baseline 0 0"><span class='ocrx_word' id='word_1_2' title='bbox 532 713 574 750; x_wconf 81' lang='lat' dir='ltr'><strong>xv.</strong></span> <span class='ocrx_word' id='word_1_3' title='bbox 595 698 732 750; x_wconf 78' lang='lat' dir='ltr'><strong>insurrant.</strong></span> 
     </span>
    </p>
   </div>
   <div class='ocr_carea' id='block_1_3' title="bbox 102 848 1144 3460">
    <p class='ocr_par' dir='ltr' id='par_1_3' title="bbox 102 848 1144 1921">
     <span class='ocr_line' id='line_1_3' title="bbox 155 848 1144 934; baseline 0.004 -24"><span class='ocrx_word' id='word_1_4' title='bbox 155 855 184 910; x_wconf 93' lang='grc'><strong>1.</strong></span> <span class='ocrx_word' id='word_1_5' title='bbox 203 849 321 911; x_wconf 82' lang='lat' dir='ltr'><strong>initium</strong></span> <span class='ocrx_word' id='word_1_6' title='bbox 340 848 493 914; x_wconf 86' lang='lat' dir='ltr'><strong>Societatis</strong></span> <span class='ocrx_word' id='word_1_7' title='bbox 517 853 583 912; x_wconf 89' lang='lat' dir='ltr'><strong>lesu</strong></span> <span class='ocrx_word' id='word_1_8' title='bbox 606 848 780 929; x_wconf 80' lang='lat' dir='ltr'><strong>Antverpiac</strong></span> <span class='ocrx_word' id='word_1_9' title='bbox 794 849 1029 934; x_wconf 89' lang='lat' dir='ltr'><strong>Papebrochius¹</strong></span> <span class='ocrx_word' id='word_1_10' title='bbox 1055 850 1144 914; x_wconf 78' lang='lat' dir='ltr'><strong>refert</strong></span> 
     </span>
     <span class='ocr_line' id='line_1_4' title="bbox 102 949 1144 1034; baseline 0 -22"><span class='ocrx_word' id='word_1_11' title='bbox 102 949 218 1012; x_wconf 89' lang='lat' dir='ltr'><strong>-lacobo</strong></span> <span class='ocrx_word' id='word_1_12' title='bbox 229 951 354 1032; x_wconf 86' lang='lat' dir='ltr'><strong>Laynez‚</strong></span> <span class='ocrx_word' id='word_1_13' title='bbox 364 949 490 1012; x_wconf 88' lang='lat' dir='ltr'><strong>Jesuitae</strong></span> <span class='ocrx_word' id='word_1_14' title='bbox 504 950 648 1032; x_wconf 85' lang='lat' dir='ltr'><strong>Hispano,</strong></span> <span class='ocrx_word' id='word_1_15' title='bbox 661 970 719 1012; x_wconf 91' lang='lat' dir='ltr'><strong>nno</strong></span> <span class='ocrx_word' id='word_1_16' title='bbox 730 970 764 1011; x_wconf 83' lang='lat' dir='ltr'><strong>cx</strong></span> <span class='ocrx_word' id='word_1_17' title='bbox 774 949 872 1012; x_wconf 90' lang='lat' dir='ltr'><strong>decem</strong></span> <span class='ocrx_word' id='word_1_18' title='bbox 884 951 986 1034; x_wconf 90' lang='lat' dir='ltr'><strong>primis</strong></span> <span class='ocrx_word' id='word_1_19' title='bbox 996 952 1025 1015; x_wconf 88' lang='lat' dir='ltr'><strong>S.</strong></span> <span class='ocrx_word' id='word_1_20' title='bbox 1039 951 1144 1032; x_wconf 83' lang='lat' dir='ltr'><strong>lgnatii</strong></span> 
     </span>
     <span class='ocr_line' id='line_1_5' title="bbox 112 1049 1142 1138; baseline 0.002 -26"><span class='ocrx_word' id='word_1_21' title='bbox 112 1049 272 1133; x_wconf 80' lang='lat' dir='ltr'><strong>discipulis.</strong></span> <span class='ocrx_word' id='word_1_22' title='bbox 291 1054 376 1112; x_wconf 79' lang='lat' dir='ltr'><strong>Anno</strong></span> <span class='ocrx_word' id='word_1_23' title='bbox 395 1053 475 1114; x_wconf 71' lang='grc'><strong>1561</strong></span> <span class='ocrx_word' id='word_1_24' title='bbox 499 1051 686 1136; x_wconf 81' lang='lat' dir='ltr'><strong>Antverpiam</strong></span> <span class='ocrx_word' id='word_1_25' title='bbox 708 1051 800 1122; x_wconf 89' lang='lat' dir='ltr'><strong>venit,</strong></span> <span class='ocrx_word' id='word_1_26' title='bbox 823 1073 910 1138; x_wconf 86' lang='lat' dir='ltr'><strong>seque</strong></span> <span class='ocrx_word' id='word_1_27' title='bbox 935 1053 964 1114; x_wconf 91' lang='lat' dir='ltr'><strong>in</strong></span> <span class='ocrx_word' id='word_1_28' title='bbox 985 1053 1142 1116; x_wconf 78' lang='lat' dir='ltr'><strong>amicitiam</strong></span> 
     </span>
     <span class='ocr_line' id='line_1_6' title="bbox 112 1152 1143 1235; baseline 0.002 -23"><span class='ocrx_word' id='word_1_29' title='bbox 112 1152 309 1235; x_wconf 77' lang='lat' dir='ltr'><strong>Hispanorum</strong></span> <span class='ocrx_word' id='word_1_30' title='bbox 326 1163 520 1213; x_wconf 86' lang='lat' dir='ltr'><strong>mercatorum</strong></span> <span class='ocrx_word' id='word_1_31' title='bbox 536 1152 708 1226; x_wconf 82' lang='lat' dir='ltr'><strong>insinuavit,</strong></span> <span class='ocrx_word' id='word_1_32' title='bbox 723 1164 753 1214; x_wconf 89' lang='lat' dir='ltr'><strong>et</strong></span> <span class='ocrx_word' id='word_1_33' title='bbox 767 1173 800 1214; x_wconf 91' lang='lat' dir='ltr'><strong>eo</strong></span> <span class='ocrx_word' id='word_1_34' title='bbox 817 1174 949 1215; x_wconf 89' lang='lat' dir='ltr'><strong>successu</strong></span> <span class='ocrx_word' id='word_1_35' title='bbox 965 1154 1000 1215; x_wconf 89' lang='lat' dir='ltr'><strong>ad</strong></span> <span class='ocrx_word' id='word_1_36' title='bbox 1018 1153 1083 1215; x_wconf 90' lang='lat' dir='ltr'><strong>illos</strong></span> <span class='ocrx_word' id='word_1_37' title='bbox 1097 1173 1143 1215; x_wconf 90' lang='lat' dir='ltr'><strong>sa-</strong></span> 
     </span>
     <span class='ocr_line' id='line_1_7' title="bbox 112 1252 1142 1325; baseline 0.002 -11"><span class='ocrx_word' id='word_1_38' title='bbox 112 1273 176 1314; x_wconf 88' lang='lat' dir='ltr'><strong>cras</strong></span> <span class='ocrx_word' id='word_1_39' title='bbox 190 1252 344 1314; x_wconf 84' lang='lat' dir='ltr'><strong>conciones</strong></span> <span class='ocrx_word' id='word_1_40' title='bbox 364 1252 466 1314; x_wconf 90' lang='lat' dir='ltr'><strong>habuit</strong></span> <span class='ocrx_word' id='word_1_41' title='bbox 481 1265 526 1325; x_wconf 90' lang='lat' dir='ltr'><strong>ut,</strong></span> <span class='ocrx_word' id='word_1_42' title='bbox 549 1253 598 1315; x_wconf 94' lang='lat' dir='ltr'><strong>illo</strong></span> <span class='ocrx_word' id='word_1_43' title='bbox 616 1253 797 1325; x_wconf 87' lang='lat' dir='ltr'><strong>discedente,</strong></span> <span class='ocrx_word' id='word_1_44' title='bbox 816 1255 905 1317; x_wconf 88' lang='lat' dir='ltr'><strong>alium</strong></span> <span class='ocrx_word' id='word_1_45' title='bbox 921 1276 953 1316; x_wconf 87' lang='lat' dir='ltr'><strong>ex</strong></span> <span class='ocrx_word' id='word_1_46' title='bbox 967 1255 1142 1318; x_wconf 87' lang='lat' dir='ltr'><strong>Jesuitarum</strong></span> 
     </span>
     <span class='ocr_line' id='line_1_8' title="bbox 111 1351 1140 1440; baseline 0.003 -27"><span class='ocrx_word' id='word_1_47' title='bbox 111 1353 214 1415; x_wconf 88' lang='lat' dir='ltr'><strong>ordine</strong></span> <span class='ocrx_word' id='word_1_48' title='bbox 224 1353 458 1415; x_wconf 82' lang='lat' dir='ltr'><strong>concionatorem</strong></span> <span class='ocrx_word' id='word_1_49' title='bbox 473 1351 579 1415; x_wconf 90' lang='lat' dir='ltr'><strong>habere</strong></span> <span class='ocrx_word' id='word_1_50' title='bbox 592 1353 746 1417; x_wconf 88' lang='lat' dir='ltr'><strong>voluerint.</strong></span> <span class='ocrx_word' id='word_1_51' title='bbox 757 1356 862 1416; x_wconf 88' lang='lat' dir='ltr'><strong>Missus</strong></span> <span class='ocrx_word' id='word_1_52' title='bbox 872 1367 916 1417; x_wconf 89' lang='lat' dir='ltr'><strong>est</strong></span> <span class='ocrx_word' id='word_1_53' title='bbox 927 1377 997 1438; x_wconf 80' lang='lat' dir='ltr'><strong>ergo</strong></span> <span class='ocrx_word' id='word_1_54' title='bbox 1008 1358 1040 1417; x_wconf 92' lang='lat' dir='ltr'><strong>P.</strong></span> <span class='ocrx_word' id='word_1_55' title='bbox 1056 1359 1140 1440; x_wconf 87' lang='lat' dir='ltr'><strong>Payz;</strong></span> 
     </span>
     <span class='ocr_line' id='line_1_9' title="bbox 112 1453 1143 1536; baseline 0.005 -23"><span class='ocrx_word' id='word_1_56' title='bbox 112 1453 210 1535; x_wconf 89' lang='lat' dir='ltr'><strong>plures</strong></span> <span class='ocrx_word' id='word_1_57' title='bbox 229 1453 334 1515; x_wconf 87' lang='lat' dir='ltr'><strong>deinde</strong></span> <span class='ocrx_word' id='word_1_58' title='bbox 351 1464 547 1524; x_wconf 89' lang='lat' dir='ltr'><strong>accesserunt,</strong></span> <span class='ocrx_word' id='word_1_59' title='bbox 562 1466 591 1515; x_wconf 93' lang='lat' dir='ltr'><strong>et</strong></span> <span class='ocrx_word' id='word_1_60' title='bbox 608 1474 686 1515; x_wconf 90' lang='lat' dir='ltr'><strong>anno</strong></span> <span class='ocrx_word' id='word_1_61' title='bbox 707 1457 785 1516; x_wconf 79' lang='grc'><strong>1571</strong></span> <span class='ocrx_word' id='word_1_62' title='bbox 803 1455 994 1536; x_wconf 88' lang='lat' dir='ltr'><strong>quorumdam</strong></span> <span class='ocrx_word' id='word_1_63' title='bbox 1015 1453 1143 1518; x_wconf 90' lang='lat' dir='ltr'><strong>liberali·</strong></span> 
     </span>
     <span class='ocr_line' id='line_1_10' title="bbox 112 1554 1143 1640; baseline 0.005 -25"><span class='ocrx_word' id='word_1_64' title='bbox 112 1566 184 1628; x_wconf 88' lang='lat' dir='ltr'><strong>tate,</strong></span> <span class='ocrx_word' id='word_1_65' title='bbox 211 1554 241 1616; x_wconf 92' lang='lat' dir='ltr'><strong>in</strong></span> <span class='ocrx_word' id='word_1_66' title='bbox 266 1555 369 1640; x_wconf 87' lang='lat' dir='ltr'><strong>primis</strong></span> <span class='ocrx_word' id='word_1_67' title='bbox 393 1554 568 1617; x_wconf 87' lang='lat' dir='ltr'><strong>Ferdinandi</strong></span> <span class='ocrx_word' id='word_1_68' title='bbox 594 1555 675 1617; x_wconf 81' lang='lat' dir='ltr'><strong>Frias</strong></span> <span class='ocrx_word' id='word_1_69' title='bbox 697 1556 835 1640; x_wconf 87' lang='lat' dir='ltr'><strong>Hispani,</strong></span> <span class='ocrx_word' id='word_1_70' title='bbox 858 1570 954 1640; x_wconf 83' lang='lat' dir='ltr'><strong>empta</strong></span> <span class='ocrx_word' id='word_1_71' title='bbox 974 1570 1018 1620; x_wconf 90' lang='lat' dir='ltr'><strong>est</strong></span> <span class='ocrx_word' id='word_1_72' title='bbox 1042 1560 1143 1620; x_wconf 78' lang='lat' dir='ltr'><strong>domus</strong></span> 
     </span>
     <span class='ocr_line' id='line_1_11' title="bbox 111 1653 1143 1740; baseline 0.003 -26"><span class='ocrx_word' id='word_1_73' title='bbox 111 1657 272 1734; x_wconf 81' lang='lat' dir='ltr'><strong>Aquensis,</strong></span> <span class='ocrx_word' id='word_1_74' title='bbox 293 1653 328 1716; x_wconf 91' lang='lat' dir='ltr'><strong>ad</strong></span> <span class='ocrx_word' id='word_1_75' title='bbox 350 1674 437 1736; x_wconf 89' lang='lat' dir='ltr'><strong>quam</strong></span> <span class='ocrx_word' id='word_1_76' title='bbox 456 1655 712 1736; x_wconf 79' lang='lat' dir='ltr'><strong>transmigrarunt.</strong></span> <span class='ocrx_word' id='word_1_77' title='bbox 732 1659 797 1721; x_wconf 84' lang='lat' dir='ltr'><strong>Mox</strong></span> <span class='ocrx_word' id='word_1_78' title='bbox 812 1657 951 1740; x_wconf 85' lang='lat' dir='ltr'><strong>juventus</strong></span> <span class='ocrx_word' id='word_1_79' title='bbox 964 1655 1095 1722; x_wconf 88' lang='lat' dir='ltr'><strong>moribus</strong></span> <span class='ocrx_word' id='word_1_80' title='bbox 1109 1677 1143 1718; x_wconf 91' lang='lat' dir='ltr'><strong>ac</strong></span> 
     </span>
     <span class='ocr_line' id='line_1_12' title="bbox 111 1754 1142 1844; baseline 0.004 -28"><span class='ocrx_word' id='word_1_81' title='bbox 111 1755 197 1817; x_wconf 89' lang='lat' dir='ltr'><strong>bonis</strong></span> <span class='ocrx_word' id='word_1_82' title='bbox 211 1755 304 1817; x_wconf 88' lang='lat' dir='ltr'><strong>literis</strong></span> <span class='ocrx_word' id='word_1_83' title='bbox 322 1754 436 1816; x_wconf 89' lang='lat' dir='ltr'><strong>institui</strong></span> <span class='ocrx_word' id='word_1_84' title='bbox 449 1766 566 1837; x_wconf 90' lang='lat' dir='ltr'><strong>coepta,</strong></span> <span class='ocrx_word' id='word_1_85' title='bbox 577 1757 775 1841; x_wconf 88' lang='lat' dir='ltr'><strong>templumque</strong></span> <span class='ocrx_word' id='word_1_86' title='bbox 789 1757 824 1819; x_wconf 90' lang='lat' dir='ltr'><strong>ab</strong></span> <span class='ocrx_word' id='word_1_87' title='bbox 839 1757 973 1844; x_wconf 92' lang='lat' dir='ltr'><strong>episcopo</strong></span> <span class='ocrx_word' id='word_1_88' title='bbox 989 1759 1142 1822; x_wconf 80' lang='lat' dir='ltr'><strong>Francisco</strong></span> 
     </span>
     <span class='ocr_line' id='line_1_13' title="bbox 110 1859 529 1921; baseline -0.005 0"><span class='ocrx_word' id='word_1_89' title='bbox 110 1859 220 1921; x_wconf 91' lang='lat' dir='ltr'><strong>Sonnio</strong></span> <span class='ocrx_word' id='word_1_90' title='bbox 235 1871 432 1921; x_wconf 87' lang='lat' dir='ltr'><strong>consecratum</strong></span> <span class='ocrx_word' id='word_1_91' title='bbox 448 1863 495 1919; x_wconf 78' lang='lat' dir='ltr'><strong>est&#39;</strong></span> <span class='ocrx_word' id='word_1_92' title='bbox 507 1861 529 1919; x_wconf 79' lang='lat'><strong>¹.</strong></span> 
     </span>
    </p>

    <p class='ocr_par' dir='ltr' id='par_1_4' title="bbox 110 1943 1141 2132">
     <span class='ocr_line' id='line_1_14' title="bbox 150 1943 1141 2042; baseline 0.001 -22"><span class='ocrx_word' id='word_1_93' title='bbox 150 1957 378 2020; x_wconf 87' lang='lat' dir='ltr'><strong>Succedentibus</strong></span> <span class='ocrx_word' id='word_1_94' title='bbox 405 1957 500 2018; x_wconf 89' lang='lat' dir='ltr'><strong>turbis</strong></span> <span class='ocrx_word' id='word_1_95' title='bbox 525 1955 665 2041; x_wconf 76' lang='lat' dir='ltr'><strong>bellisque</strong></span> <span class='ocrx_word' id='word_1_96' title='bbox 689 1957 823 2020; x_wconf 89' lang='lat' dir='ltr'><strong>civilibus</strong></span> <span class='ocrx_word' id='word_1_97' title='bbox 847 1943 1002 2042; x_wconf 84' lang='lat' dir='ltr'><strong>Antverpia</strong></span> <span class='ocrx_word' id='word_1_98' title='bbox 1027 1959 1141 2026; x_wconf 80' lang='lat' dir='ltr'><strong>exulare</strong></span> 
     </span>
     <span class='ocr_line' id='line_1_15' title="bbox 110 2058 695 2132; baseline -0.005 -11"><span class='ocrx_word' id='word_1_99' title='bbox 110 2060 218 2132; x_wconf 90' lang='lat' dir='ltr'><strong>coacti,</strong></span> <span class='ocrx_word' id='word_1_100' title='bbox 232 2079 309 2122; x_wconf 92' lang='lat' dir='ltr'><strong>anno</strong></span> <span class='ocrx_word' id='word_1_101' title='bbox 324 2070 438 2120; x_wconf 89' lang='lat' dir='ltr'><strong>tanturn</strong></span> <span class='ocrx_word' id='word_1_102' title='bbox 454 2061 533 2121; x_wconf 83' lang='lat' dir='ltr'><strong>t585</strong></span> <span class='ocrx_word' id='word_1_103' title='bbox 547 2058 658 2120; x_wconf 88' lang='lat' dir='ltr'><strong>rediere</strong></span> <span class='ocrx_word' id='word_1_104' title='bbox 672 2062 695 2118; x_wconf 78' lang='lat'><strong>³.</strong></span> 
     </span>
    </p>

    <p class='ocr_par' dir='ltr' id='par_1_5' title="bbox 107 2145 1141 3460">
     <span class='ocr_line' id='line_1_16' title="bbox 149 2145 1141 2242; baseline -0.001 -20"><span class='ocrx_word' id='word_1_105' title='bbox 149 2164 180 2222; x_wconf 66' lang='grc' dir='ltr'><strong>Ξ.</strong></span> <span class='ocrx_word' id='word_1_106' title='bbox 195 2165 279 2222; x_wconf 85' lang='lat' dir='ltr'><strong>Anno</strong></span> <span class='ocrx_word' id='word_1_107' title='bbox 295 2164 381 2232; x_wconf 82' lang='grc'><strong>1607,</strong></span> <span class='ocrx_word' id='word_1_108' title='bbox 397 2179 454 2242; x_wconf 92' lang='lat' dir='ltr'><strong>quo</strong></span> <span class='ocrx_word' id='word_1_109' title='bbox 468 2169 586 2220; x_wconf 85' lang='lat' dir='ltr'><strong>senatus</strong></span> <span class='ocrx_word' id='word_1_110' title='bbox 597 2158 752 2240; x_wconf 83' lang='lat' dir='ltr'><strong>largitione</strong></span> <span class='ocrx_word' id='word_1_111' title='bbox 765 2163 881 2220; x_wconf 81' lang='lat' dir='ltr'><strong>domum</strong></span> <span class='ocrx_word' id='word_1_112' title='bbox 892 2145 1075 2240; x_wconf 52' lang='lat' dir='ltr'><strong>:duplicando</strong></span> <span class='ocrx_word' id='word_1_113' title='bbox 1088 2181 1141 2221; x_wconf 84' lang='lat' dir='ltr'><strong>no-</strong></span> 
     </span>
     <span class='ocr_line' id='line_1_17' title="bbox 108 2259 1139 2344; baseline 0 -20"><span class='ocrx_word' id='word_1_114' title='bbox 108 2267 196 2324; x_wconf 83' lang='lat' dir='ltr'><strong>tionis</strong></span> <span class='ocrx_word' id='word_1_115' title='bbox 210 2261 296 2344; x_wconf 84' lang='lat' dir='ltr'><strong>vulgo</strong></span> <span class='ocrx_word' id='word_1_116' title='bbox 311 2262 419 2323; x_wconf 87' lang='lat' dir='ltr'><strong>dictam</strong></span> <span class='ocrx_word' id='word_1_117' title='bbox 434 2259 638 2333; x_wconf 90' lang='lat' dir='ltr'><strong>obtinuerunt,</strong></span> <span class='ocrx_word' id='word_1_118' title='bbox 658 2263 764 2323; x_wconf 83' lang='lat' dir='ltr'><strong>Domus</strong></span> <span class='ocrx_word' id='word_1_119' title='bbox 775 2263 909 2342; x_wconf 80' lang='lat' dir='ltr'><strong>professa</strong></span> <span class='ocrx_word' id='word_1_120' title='bbox 927 2281 943 2322; x_wconf 92' lang='lat' dir='ltr'><strong>a</strong></span> <span class='ocrx_word' id='word_1_121' title='bbox 957 2260 1079 2342; x_wconf 83' lang='lat' dir='ltr'><strong>collegio</strong></span> <span class='ocrx_word' id='word_1_122' title='bbox 1090 2283 1139 2325; x_wconf 92' lang='lat' dir='ltr'><strong>seu</strong></span> 
     </span>
     <span class='ocr_line' id='line_1_18' title="bbox 108 2359 1140 2446; baseline -0.001 -22"><span class='ocrx_word' id='word_1_123' title='bbox 108 2367 192 2426; x_wconf 82' lang='lat' dir='ltr'><strong>domo</strong></span> <span class='ocrx_word' id='word_1_124' title='bbox 208 2366 335 2443; x_wconf 80' lang='lat' dir='ltr'><strong>Aquensi</strong></span> <span class='ocrx_word' id='word_1_125' title='bbox 349 2374 480 2446; x_wconf 88' lang='lat' dir='ltr'><strong>separata</strong></span> <span class='ocrx_word' id='word_1_126' title='bbox 500 2359 571 2434; x_wconf 85' lang='lat' dir='ltr'><strong>snit,</strong></span> <span class='ocrx_word' id='word_1_127' title='bbox 592 2361 634 2424; x_wconf 87' lang='lat' dir='ltr'><strong>sie</strong></span> <span class='ocrx_word' id='word_1_128' title='bbox 651 2373 747 2424; x_wconf 88' lang='lat' dir='ltr'><strong>tamen</strong></span> <span class='ocrx_word' id='word_1_129' title='bbox 769 2372 801 2423; x_wconf 94' lang='lat' dir='ltr'><strong>ut</strong></span> <span class='ocrx_word' id='word_1_130' title='bbox 819 2382 895 2423; x_wconf 90' lang='lat' dir='ltr'><strong>unos</strong></span> <span class='ocrx_word' id='word_1_131' title='bbox 916 2375 1011 2423; x_wconf 90' lang='lat' dir='ltr'><strong>rector</strong></span> <span class='ocrx_word' id='word_1_132' title='bbox 1025 2363 1140 2443; x_wconf 91' lang='lat' dir='ltr'><strong>utrique</strong></span> 
     </span>
     <span class='ocr_line' id='line_1_19' title="bbox 108 2460 1140 2547; baseline -0.001 -22"><span class='ocrx_word' id='word_1_133' title='bbox 108 2462 209 2525; x_wconf 90' lang='lat' dir='ltr'><strong>domui</strong></span> <span class='ocrx_word' id='word_1_134' title='bbox 222 2474 379 2547; x_wconf 88' lang='lat' dir='ltr'><strong>praeesset,</strong></span> <span class='ocrx_word' id='word_1_135' title='bbox 391 2463 440 2545; x_wconf 89' lang='lat' dir='ltr'><strong>qui</strong></span> <span class='ocrx_word' id='word_1_136' title='bbox 453 2461 565 2545; x_wconf 88' lang='lat' dir='ltr'><strong>primus</strong></span> <span class='ocrx_word' id='word_1_137' title='bbox 576 2460 631 2524; x_wconf 84' lang='lat' dir='ltr'><strong>luit</strong></span> <span class='ocrx_word' id='word_1_138' title='bbox 645 2463 764 2524; x_wconf 87' lang='lat' dir='ltr'><strong>Carolus</strong></span> <span class='ocrx_word' id='word_1_139' title='bbox 775 2461 957 2534; x_wconf 88' lang='lat' dir='ltr'><strong>Scribanius,</strong></span> <span class='ocrx_word' id='word_1_140' title='bbox 969 2461 1014 2523; x_wconf 83' lang='lat' dir='ltr'><strong>vir</strong></span> <span class='ocrx_word' id='word_1_141' title='bbox 1024 2461 1140 2546; x_wconf 89' lang='lat' dir='ltr'><strong>scriptis</strong></span> 
     </span>
     <span class='ocr_line' id='line_1_20' title="bbox 109 2561 1140 2648; baseline -0.003 -21"><span class='ocrx_word' id='word_1_142' title='bbox 109 2563 296 2628; x_wconf 89' lang='lat' dir='ltr'><strong>clarissimus.</strong></span> <span class='ocrx_word' id='word_1_143' title='bbox 311 2567 467 2627; x_wconf 82' lang='lat' dir='ltr'><strong>Famosum</strong></span> <span class='ocrx_word' id='word_1_144' title='bbox 478 2563 582 2624; x_wconf 90' lang='lat' dir='ltr'><strong>domus</strong></span> <span class='ocrx_word' id='word_1_145' title='bbox 596 2563 675 2625; x_wconf 87' lang='lat' dir='ltr'><strong>illius</strong></span> <span class='ocrx_word' id='word_1_146' title='bbox 687 2564 840 2648; x_wconf 84' lang='lat' dir='ltr'><strong>templum,</strong></span> <span class='ocrx_word' id='word_1_147' title='bbox 856 2585 921 2626; x_wconf 90' lang='lat' dir='ltr'><strong>aere</strong></span> <span class='ocrx_word' id='word_1_148' title='bbox 936 2563 1052 2646; x_wconf 92' lang='lat' dir='ltr'><strong>publico</strong></span> <span class='ocrx_word' id='word_1_149' title='bbox 1063 2561 1140 2626; x_wconf 90' lang='lat' dir='ltr'><strong>aedi-</strong></span> 
     </span>
     <span class='ocr_line' id='line_1_21' title="bbox 109 2663 1141 2749; baseline 0.004 -20"><span class='ocrx_word' id='word_1_150' title='bbox 109 2667 190 2731; x_wconf 90' lang='lat' dir='ltr'><strong>licari</strong></span> <span class='ocrx_word' id='word_1_151' title='bbox 202 2678 336 2749; x_wconf 89' lang='lat' dir='ltr'><strong>coeptum</strong></span> <span class='ocrx_word' id='word_1_152' title='bbox 351 2686 398 2727; x_wconf 90' lang='lat' dir='ltr'><strong>an.</strong></span> <span class='ocrx_word' id='word_1_153' title='bbox 412 2667 506 2736; x_wconf 87' lang='grc'><strong>1611,</strong></span> <span class='ocrx_word' id='word_1_154' title='bbox 519 2664 637 2726; x_wconf 88' lang='lat' dir='ltr'><strong>advecta</strong></span> <span class='ocrx_word' id='word_1_155' title='bbox 651 2686 684 2726; x_wconf 84' lang='lat' dir='ltr'><strong>ex</strong></span> <span class='ocrx_word' id='word_1_156' title='bbox 698 2663 816 2746; x_wconf 85' lang='lat' dir='ltr'><strong>Liguria</strong></span> <span class='ocrx_word' id='word_1_157' title='bbox 828 2666 948 2727; x_wconf 89' lang='lat' dir='ltr'><strong>materie</strong></span> <span class='ocrx_word' id='word_1_158' title='bbox 958 2689 1071 2731; x_wconf 85' lang='lat' dir='ltr'><strong>summa</strong></span> <span class='ocrx_word' id='word_1_159' title='bbox 1086 2669 1141 2734; x_wconf 91' lang='lat' dir='ltr'><strong>im-</strong></span> 
     </span>
     <span class='ocr_line' id='line_1_22' title="bbox 108 2765 1140 2851; baseline 0.002 -21"><span class='ocrx_word' id='word_1_160' title='bbox 108 2787 199 2851; x_wconf 89' lang='lat' dir='ltr'><strong>pensa</strong></span> <span class='ocrx_word' id='word_1_161' title='bbox 213 2780 242 2830; x_wconf 90' lang='lat' dir='ltr'><strong>et</strong></span> <span class='ocrx_word' id='word_1_162' title='bbox 255 2767 368 2848; x_wconf 80' lang='lat' dir='ltr'><strong>ingenti</strong></span> <span class='ocrx_word' id='word_1_163' title='bbox 388 2765 513 2827; x_wconf 89' lang='lat' dir='ltr'><strong>marium</strong></span> <span class='ocrx_word' id='word_1_164' title='bbox 534 2777 644 2837; x_wconf 87' lang='lat' dir='ltr'><strong>tractu,</strong></span> <span class='ocrx_word' id='word_1_165' title='bbox 663 2785 709 2826; x_wconf 90' lang='lat' dir='ltr'><strong>an.</strong></span> <span class='ocrx_word' id='word_1_166' title='bbox 730 2769 804 2826; x_wconf 71' lang='lat' dir='ltr'><strong>tout</strong></span> <span class='ocrx_word' id='word_1_167' title='bbox 823 2767 1002 2830; x_wconf 86' lang='lat' dir='ltr'><strong>consecravit</strong></span> <span class='ocrx_word' id='word_1_168' title='bbox 1015 2772 1140 2832; x_wconf 84' lang='lat' dir='ltr'><strong>Ioannes</strong></span> 
     </span>
     <span class='ocr_line' id='line_1_23' title="bbox 107 2865 1140 2954; baseline 0.002 -24"><span class='ocrx_word' id='word_1_169' title='bbox 107 2868 266 2940; x_wconf 84' lang='lat' dir='ltr'><strong>Malderns,</strong></span> <span class='ocrx_word' id='word_1_170' title='bbox 278 2865 332 2928; x_wconf 90' lang='lat' dir='ltr'><strong>sub</strong></span> <span class='ocrx_word' id='word_1_171' title='bbox 343 2865 525 2928; x_wconf 90' lang='lat' dir='ltr'><strong>invocatione</strong></span> <span class='ocrx_word' id='word_1_172' title='bbox 535 2865 665 2948; x_wconf 80' lang='lat' dir='ltr'><strong>Virginis</strong></span> <span class='ocrx_word' id='word_1_173' title='bbox 676 2865 813 2948; x_wconf 88' lang='lat' dir='ltr'><strong>Deiparae</strong></span> <span class='ocrx_word' id='word_1_174' title='bbox 824 2877 852 2928; x_wconf 89' lang='lat' dir='ltr'><strong>et</strong></span> <span class='ocrx_word' id='word_1_175' title='bbox 864 2869 892 2928; x_wconf 89' lang='lat' dir='ltr'><strong>S.</strong></span> <span class='ocrx_word' id='word_1_176' title='bbox 905 2868 1020 2948; x_wconf 85' lang='lat' dir='ltr'><strong>Ignatii.</strong></span> <span class='ocrx_word' id='word_1_177' title='bbox 1034 2871 1140 2954; x_wconf 82' lang='lat' dir='ltr'><strong>Estque</strong></span> 
     </span>
     <span class='ocr_line' id='line_1_24' title="bbox 107 2965 1140 3052; baseline 0.001 -20"><span class='ocrx_word' id='word_1_178' title='bbox 107 2971 180 3032; x_wconf 88' lang='lat' dir='ltr'><strong>baec</strong></span> <span class='ocrx_word' id='word_1_179' title='bbox 191 2969 284 3052; x_wconf 88' lang='lat' dir='ltr'><strong>prima</strong></span> <span class='ocrx_word' id='word_1_180' title='bbox 294 2968 412 3030; x_wconf 91' lang='lat' dir='ltr'><strong>basilica</strong></span> <span class='ocrx_word' id='word_1_181' title='bbox 423 2986 496 3050; x_wconf 89' lang='lat' dir='ltr'><strong>qnae</strong></span> <span class='ocrx_word' id='word_1_182' title='bbox 506 2966 657 3046; x_wconf 80' lang='lat' dir='ltr'><strong>Societatis</strong></span> <span class='ocrx_word' id='word_1_183' title='bbox 667 2969 733 3028; x_wconf 85' lang='lat' dir='ltr'><strong>Jesu</strong></span> <span class='ocrx_word' id='word_1_184' title='bbox 745 2965 902 3037; x_wconf 74' lang='lat' dir='ltr'><strong>fundatori,</strong></span> <span class='ocrx_word' id='word_1_185' title='bbox 915 2975 991 3034; x_wconf 90' lang='lat' dir='ltr'><strong>an&#39;no</strong></span> <span class='ocrx_word' id='word_1_186' title='bbox 1004 2973 1083 3033; x_wconf 82' lang='grc'><strong>1609</strong></span> <span class='ocrx_word' id='word_1_187' title='bbox 1094 2992 1140 3033; x_wconf 91' lang='lat' dir='ltr'><strong>ca-</strong></span> 
     </span>
     <span class='ocr_line' id='line_1_25' title="bbox 108 3065 1139 3154; baseline 0.002 -19"><span class='ocrx_word' id='word_1_188' title='bbox 108 3073 181 3135; x_wconf 92' lang='lat' dir='ltr'><strong>noni</strong></span> <span class='ocrx_word' id='word_1_189' title='bbox 193 3083 360 3135; x_wconf 88' lang='lat' dir='ltr'><strong>sanctorum</strong></span> <span class='ocrx_word' id='word_1_190' title='bbox 372 3069 532 3153; x_wconf 88' lang='lat' dir='ltr'><strong>adscripto,</strong></span> <span class='ocrx_word' id='word_1_191' title='bbox 544 3069 673 3136; x_wconf 86' lang='lat' dir='ltr'><strong>dedicata</strong></span> <span class='ocrx_word' id='word_1_192' title='bbox 686 3069 750 3131; x_wconf 84' lang='lat' dir='ltr'><strong>init.</strong></span> <span class='ocrx_word' id='word_1_193' title='bbox 764 3095 778 3126; x_wconf 83' lang='grc'><strong>0</strong></span> <span class='ocrx_word' id='word_1_194' title='bbox 791 3069 885 3152; x_wconf 85' lang='lat' dir='ltr'><strong>Opus,</strong></span> <span class='ocrx_word' id='word_1_195' title='bbox 898 3070 993 3154; x_wconf 88' lang='lat' dir='ltr'><strong>inquit</strong></span> <span class='ocrx_word' id='word_1_196' title='bbox 1005 3065 1105 3137; x_wconf 84' lang='lat' dir='ltr'><strong>Pinius</strong></span> <span class='ocrx_word' id='word_1_197' title='bbox 1117 3077 1139 3145; x_wconf 76' lang='lat'><strong>⁴,</strong></span> 
     </span>
     <span class='ocr_line' id='line_1_26' title="bbox 108 3171 1140 3256; baseline -0.001 -19"><span class='ocrx_word' id='word_1_198' title='bbox 108 3173 146 3237; x_wconf 90' lang='lat' dir='ltr'><strong>ad</strong></span> <span class='ocrx_word' id='word_1_199' title='bbox 161 3172 284 3256; x_wconf 82' lang='lat' dir='ltr'><strong>gloriam</strong></span> <span class='ocrx_word' id='word_1_200' title='bbox 302 3171 401 3235; x_wconf 89' lang='lat' dir='ltr'><strong>Sancti</strong></span> <span class='ocrx_word' id='word_1_201' title='bbox 415 3172 599 3255; x_wconf 88' lang='lat' dir='ltr'><strong>posthumam</strong></span> <span class='ocrx_word' id='word_1_202' title='bbox 611 3172 735 3236; x_wconf 84' lang='lat' dir='ltr'><strong>maxime</strong></span> <span class='ocrx_word' id='word_1_203' title='bbox 748 3171 948 3242; x_wconf 85' lang='lat' dir='ltr'><strong>memorabile,</strong></span> <span class='ocrx_word' id='word_1_204' title='bbox 964 3173 994 3235; x_wconf 91' lang='lat' dir='ltr'><strong>in</strong></span> <span class='ocrx_word' id='word_1_205' title='bbox 1010 3195 1066 3256; x_wconf 92' lang='lat' dir='ltr'><strong>quo</strong></span> <span class='ocrx_word' id='word_1_206' title='bbox 1081 3175 1140 3238; x_wconf 88' lang='lat' dir='ltr'><strong>uti·</strong></span> 
     </span>
     <span class='ocr_line' id='line_1_27' title="bbox 107 3271 1140 3360; baseline 0.001 -22"><span class='ocrx_word' id='word_1_207' title='bbox 107 3296 166 3360; x_wconf 90' lang='lat' dir='ltr'><strong>qne</strong></span> <span class='ocrx_word' id='word_1_208' title='bbox 179 3274 299 3340; x_wconf 89' lang='lat' dir='ltr'><strong>materia</strong></span> <span class='ocrx_word' id='word_1_209' title='bbox 314 3293 381 3337; x_wconf 90' lang='lat' dir='ltr'><strong>eum</strong></span> <span class='ocrx_word' id='word_1_210' title='bbox 393 3287 454 3336; x_wconf 86' lang='lat' dir='ltr'><strong>arte</strong></span> <span class='ocrx_word' id='word_1_211' title='bbox 464 3274 542 3336; x_wconf 86' lang='lat' dir='ltr'><strong>inter</strong></span> <span class='ocrx_word' id='word_1_212' title='bbox 555 3295 585 3335; x_wconf 89' lang='lat' dir='ltr'><strong>se</strong></span> <span class='ocrx_word' id='word_1_213' title='bbox 599 3273 634 3336; x_wconf 88' lang='lat' dir='ltr'><strong>de</strong></span> <span class='ocrx_word' id='word_1_214' title='bbox 648 3275 742 3358; x_wconf 86' lang='lat' dir='ltr'><strong>pretio</strong></span> <span class='ocrx_word' id='word_1_215' title='bbox 752 3274 910 3336; x_wconf 87' lang='lat' dir='ltr'><strong>certabant.</strong></span> <span class='ocrx_word' id='word_1_216' title='bbox 922 3271 1023 3337; x_wconf 87' lang='lat' dir='ltr'><strong>Stabat</strong></span> <span class='ocrx_word' id='word_1_217' title='bbox 1033 3277 1140 3359; x_wconf 87' lang='lat' dir='ltr'><strong>quippe</strong></span> 
     </span>
     <span class='ocr_line' id='line_1_28' title="bbox 108 3375 1139 3460; baseline 0.002 -23"><span class='ocrx_word' id='word_1_218' title='bbox 108 3397 125 3437; x_wconf 86' lang='lat' dir='ltr'><strong>e</strong></span> <span class='ocrx_word' id='word_1_219' title='bbox 138 3376 234 3440; x_wconf 84' lang='lat' dir='ltr'><strong>solido</strong></span> <span class='ocrx_word' id='word_1_220' title='bbox 247 3395 280 3436; x_wconf 91' lang='lat' dir='ltr'><strong>ac</strong></span> <span class='ocrx_word' id='word_1_221' title='bbox 295 3375 386 3457; x_wconf 89' lang='lat' dir='ltr'><strong>polito</strong></span> <span class='ocrx_word' id='word_1_222' title='bbox 405 3395 565 3448; x_wconf 89' lang='lat' dir='ltr'><strong>marmore,</strong></span> <span class='ocrx_word' id='word_1_223' title='bbox 581 3387 661 3437; x_wconf 86' lang='lat' dir='ltr'><strong>teuta</strong></span> <span class='ocrx_word' id='word_1_224' title='bbox 676 3375 857 3456; x_wconf 83' lang='lat' dir='ltr'><strong>singularum</strong></span> <span class='ocrx_word' id='word_1_225' title='bbox 873 3375 999 3458; x_wconf 88' lang='lat' dir='ltr'><strong>partium</strong></span> <span class='ocrx_word' id='word_1_226' title='bbox 1014 3398 1139 3460; x_wconf 79' lang='lat' dir='ltr'><strong>symme-</strong></span> 
     </span>
    </p>
   </div>
   <div class='ocr_carea' id='block_1_4' title="bbox 106 3557 1140 4053">
    <p class='ocr_par' dir='ltr' id='par_1_6' title="bbox 106 3557 1140 3795">
     <span class='ocr_line' id='line_1_29' title="bbox 142 3557 1138 3624; baseline -0.001 -16"><span class='ocrx_word' id='word_1_227' title='bbox 142 3559 154 3590; x_wconf 86' lang='lat'>¹</span> <span class='ocrx_word' id='word_1_228' title='bbox 172 3559 291 3608; x_wconf 78' lang='lat' dir='ltr'><strong>Annales</strong></span> <span class='ocrx_word' id='word_1_229' title='bbox 308 3559 525 3624; x_wconf 59' lang='lat' dir='ltr'><strong>Antemnates,</strong></span> <span class='ocrx_word' id='word_1_230' title='bbox 541 3564 600 3608; x_wconf 89' lang='lat' dir='ltr'><strong>tom.</strong></span> <span class='ocrx_word' id='word_1_231' title='bbox 618 3557 664 3624; x_wconf 88' lang='lat'><strong>111,</strong></span> <span class='ocrx_word' id='word_1_232' title='bbox 681 3572 705 3622; x_wconf 85' lang='lat' dir='ltr'><strong>p.</strong></span> <span class='ocrx_word' id='word_1_233' title='bbox 718 3557 757 3608; x_wconf 82' lang='grc'><strong>11),</strong></span> <span class='ocrx_word' id='word_1_234' title='bbox 775 3587 804 3595; x_wconf 89' lang='grc'>-</span> <span class='ocrx_word' id='word_1_235' title='bbox 818 3558 902 3622; x_wconf 71' lang='lat' dir='ltr'><strong>ample</strong></span> <span class='ocrx_word' id='word_1_236' title='bbox 916 3558 980 3623; x_wconf 83' lang='lat' dir='ltr'><strong>apud</strong></span> <span class='ocrx_word' id='word_1_237' title='bbox 992 3558 1138 3624; x_wconf 76' lang='lat' dir='ltr'><strong>sanderum,</strong></span> 
     </span>
     <span class='ocr_line' id='line_1_30' title="bbox 107 3643 1140 3710; baseline -0.002 -14"><span class='ocrx_word' id='word_1_238' title='bbox 107 3661 150 3710; x_wconf 85' lang='lat' dir='ltr'><strong>op.</strong></span> <span class='ocrx_word' id='word_1_239' title='bbox 162 3644 203 3695; x_wconf 88' lang='lat' dir='ltr'><strong>cit.</strong></span> <span class='ocrx_word' id='word_1_240' title='bbox 219 3653 277 3694; x_wconf 88' lang='lat' dir='ltr'><strong>tom.</strong></span> <span class='ocrx_word' id='word_1_241' title='bbox 293 3645 339 3710; x_wconf 81' lang='lat'><strong>111,</strong></span> <span class='ocrx_word' id='word_1_242' title='bbox 351 3659 375 3708; x_wconf 86' lang='lat' dir='ltr'><strong>p.</strong></span> <span class='ocrx_word' id='word_1_243' title='bbox 393 3645 424 3693; x_wconf 73' lang='lat'><strong>15</strong></span> <span class='ocrx_word' id='word_1_244' title='bbox 439 3651 464 3694; x_wconf 83' lang='lat' dir='ltr'><strong>et</strong></span> <span class='ocrx_word' id='word_1_245' title='bbox 477 3659 554 3710; x_wconf 61' lang='lat' dir='ltr'><strong>seqq„</strong></span> <span class='ocrx_word' id='word_1_246' title='bbox 572 3643 662 3710; x_wconf 73' lang='lat' dir='ltr'><strong>legitur</strong></span> <span class='ocrx_word' id='word_1_247' title='bbox 674 3643 802 3707; x_wconf 86' lang='lat' dir='ltr'><strong>descriptio</strong></span> <span class='ocrx_word' id='word_1_248' title='bbox 814 3643 978 3694; x_wconf 84' lang='lat' dir='ltr'><strong>institutorum</strong></span> <span class='ocrx_word' id='word_1_249' title='bbox 996 3645 1041 3694; x_wconf 86' lang='lat' dir='ltr'><strong>PP.</strong></span> <span class='ocrx_word' id='word_1_250' title='bbox 1058 3645 1140 3695; x_wconf 84' lang='lat' dir='ltr'><strong>Socie-</strong></span> 
     </span>
     <span class='ocr_line' id='line_1_31' title="bbox 106 3729 511 3795; baseline -0.005 -15"><span class='ocrx_word' id='word_1_251' title='bbox 106 3730 165 3782; x_wconf 82' lang='lat' dir='ltr'><strong>tatis</strong></span> <span class='ocrx_word' id='word_1_252' title='bbox 176 3732 234 3781; x_wconf 85' lang='lat' dir='ltr'><strong>Jesu</strong></span> <span class='ocrx_word' id='word_1_253' title='bbox 245 3729 309 3795; x_wconf 89' lang='lat' dir='ltr'><strong>apud</strong></span> <span class='ocrx_word' id='word_1_254' title='bbox 321 3729 511 3794; x_wconf 80' lang='lat' dir='ltr'><strong>Antverpienses.</strong></span> 
     </span>
    </p>

    <p class='ocr_par' dir='ltr' id='par_1_7' title="bbox 142 3815 412 3880">
     <span class='ocr_line' id='line_1_32' title="bbox 142 3815 412 3880; baseline -0.004 -15"><span class='ocrx_word' id='word_1_255' title='bbox 142 3815 153 3843; x_wconf 88' lang='lat'><strong>¹</strong></span> <span class='ocrx_word' id='word_1_256' title='bbox 169 3815 228 3865; x_wconf 86' lang='lat' dir='ltr'><strong>Vide</strong></span> <span class='ocrx_word' id='word_1_257' title='bbox 239 3830 325 3880; x_wconf 84' lang='lat' dir='ltr'><strong>supra,</strong></span> <span class='ocrx_word' id='word_1_258' title='bbox 337 3830 361 3879; x_wconf 92' lang='lat' dir='ltr'><strong>p.</strong></span> <span class='ocrx_word' id='word_1_259' title='bbox 372 3815 412 3864; x_wconf 71' lang='grc'><strong>51.</strong></span> 
     </span>
    </p>

    <p class='ocr_par' dir='ltr' id='par_1_8' title="bbox 141 3898 755 3967">
     <span class='ocr_line' id='line_1_33' title="bbox 141 3898 755 3967; baseline -0.003 -17"><span class='ocrx_word' id='word_1_260' title='bbox 141 3903 154 3930; x_wconf 83' lang='lat'><strong>⁸</strong></span> <span class='ocrx_word' id='word_1_261' title='bbox 171 3901 219 3951; x_wconf 84' lang='lat' dir='ltr'><strong>Gir.</strong></span> <span class='ocrx_word' id='word_1_262' title='bbox 231 3898 421 3967; x_wconf 84' lang='lat' dir='ltr'><strong>Papebrochius‚</strong></span> <span class='ocrx_word' id='word_1_263' title='bbox 434 3917 473 3967; x_wconf 92' lang='lat' dir='ltr'><strong>op.</strong></span> <span class='ocrx_word' id='word_1_264' title='bbox 485 3900 524 3951; x_wconf 87' lang='lat' dir='ltr'><strong>cit.</strong></span> <span class='ocrx_word' id='word_1_265' title='bbox 537 3907 595 3951; x_wconf 89' lang='lat' dir='ltr'><strong>tom.</strong></span> <span class='ocrx_word' id='word_1_266' title='bbox 609 3903 647 3966; x_wconf 85' lang='lat' dir='ltr'><strong>IV,</strong></span> <span class='ocrx_word' id='word_1_267' title='bbox 659 3916 685 3964; x_wconf 84' lang='lat' dir='ltr'><strong>p.</strong></span> <span class='ocrx_word' id='word_1_268' title='bbox 698 3901 755 3951; x_wconf 71' lang='lat' dir='ltr'><strong>ata.</strong></span> 
     </span>
    </p>

    <p class='ocr_par' dir='ltr' id='par_1_9' title="bbox 144 3985 673 4053">
     <span class='ocr_line' id='line_1_34' title="bbox 144 3985 673 4053; baseline -0.002 -17"><span class='ocrx_word' id='word_1_269' title='bbox 144 3987 154 4017; x_wconf 79' lang='lat'>⁴</span> <span class='ocrx_word' id='word_1_270' title='bbox 171 3988 199 4036; x_wconf 93' lang='lat' dir='ltr'><strong>ln</strong></span> <span class='ocrx_word' id='word_1_271' title='bbox 211 3987 286 4036; x_wconf 83' lang='lat' dir='ltr'><strong>Actis</strong></span> <span class='ocrx_word' id='word_1_272' title='bbox 297 3986 341 4036; x_wconf 78' lang='lat' dir='ltr'><strong>St.</strong></span> <span class='ocrx_word' id='word_1_273' title='bbox 353 3987 437 4051; x_wconf 74' lang='grc'><strong>10111,</strong></span> <span class='ocrx_word' id='word_1_274' title='bbox 446 3993 504 4037; x_wconf 84' lang='lat' dir='ltr'><strong>tom.</strong></span> <span class='ocrx_word' id='word_1_275' title='bbox 516 3988 604 4053; x_wconf 84' lang='lat' dir='ltr'><strong>vl1‚p.</strong></span> <span class='ocrx_word' id='word_1_276' title='bbox 617 3985 673 4036; x_wconf 80' lang='lat' dir='ltr'><strong>ato.</strong></span> 
     </span>
    </p>
   </div>
   <div class='ocr_carea' id='block_1_5' title="bbox 0 0 1494 4916">
    <p class='ocr_par' dir='ltr' id='par_1_10' title="bbox 0 0 1494 4916">
     <span class='ocr_line' id='line_1_35' title="bbox 0 0 1494 4916; baseline 0 2"><span class='ocrx_word' id='word_1_277' title='bbox 0 0 1494 4916; x_wconf 95' lang='lat' dir='ltr'><strong> </strong></span> 
     </span>
    </p>
   </div>
  </div>
 </body>
</html>
