3012 4912
564 517 683 614 (τι)

155 652 240 720 uon
254 652 386 716 condidit
397 663 619 726 ttstnmeotom.
633 654 757 717 adaucto
767 652 924 714 seminario
938 653 1139 735 antverpiensi

120 755 252 822 imitere,
262 754 391 840 publica,
410 757 441 820 in
455 777 511 840 qna
527 757 642 819 nonnisi
655 759 684 820 S.
697 755 822 818 Thomas
835 753 929 816 audiri
945 754 1036 836 possit
1046 767 1077 817 ct
1087 755 1140 818 do.

3 929 4 934 ,
114 857 758 943 oeri.enndrvitinsnpersitirnniversrnnm
771 856 1137 940 perpetuumadnormam

117 959 195 1024 illius
214 960 290 1042 quod
304 960 374 1022 olim
395 961 512 1045 reliquit
524 961 651 1044 ejusdem
671 960 782 1024 ordinis
801 959 952 1042 episeopus
972 957 1141 1022 Ambrosios

3 1055 4 1092 ³
44 1065 50 1078 '
115 1059 239 1146 Gapello.
256 1061 446 1127 Residuorum
462 1077 653 1146 proventuum
669 1062 767 1125 haeres
780 1059 835 1122 init
850 1072 1009 1122 conventus
1023 1060 1138 1123 enodi»

3 1209 4 1236 .
116 1175 246 1238 catorum
262 1163 462 1226 Bruxeliensis.

156 1267 258 1326 Aetate
272 1283 362 1347 prope
375 1265 588 1345 nonagenarius
603 1263 715 1347 placide
735 1262 842 1324 devixit
858 1263 1044 1345 antverpiae,
1058 1267 1078 1325 b
1093 1262 1142 1325 de·

3 1379 4 1424 v
116 1363 242 1432 cambris
266 1369 354 1427 tice.
380 1369 411 1426 ln
441 1367 541 1427 lunera
565 1367 725 1427 orationem
751 1363 853 1425 babuit
876 1365 1057 1448 iliacyntbus
1078 1367 1139 1427 Van

117 1470 247 1550 lluyson.
263 1467 325 1529 orvl.
340 1468 441 1530 Praed.
454 1470 483 1530 S.
500 1471 532 1529 T.
549 1471 580 1528 [i.

155 1568 274 1630 vacavit
287 1567 369 1630 sedes
381 1589 431 1651 per
444 1567 536 1632 annos
545 1569 673 1652 quinque
685 1571 799 1631 etoltra
812 1569 884 1630 duos
897 1587 1019 1630 menses.
1031 1568 1137 1630 Vicaril

115 1669 275 1752 generales,
290 1669 367 1732 inter
379 1690 452 1752 quos
462 1683 524 1732 erat
535 1667 651 1732 Carolus
664 1671 834 1732 Francisaos
844 1673 919 1752 Faye
932 1668 968 1730 de
982 1668 1138 1740 Wennel,

3 1819 4 1822 ,
114 1770 161 1835 die
175 1775 213 1834 to
226 1769 354 1833 octobris
367 1773 444 1835 17Ιο
462 1771 616 1850 signarunt
632 1791 698 1832 oum
713 1770 927 1852 archiepiscopo
939 1769 1138 1830 bleebliniensi

113 1883 141 1932 et
153 1871 264 1952 vicario
273 1871 430 1955 apostolico
441 1872 653 1933 Buscodueensi
664 1871 814 1954 epistolam
828 1870 1011 1943 circularem,
1026 1871 1062 1931 ad
1073 1890 1137 1952 pas-

114 1983 190 2038 tores
206 1973 338 2044 missam,
359 1985 582 2035 concoenantem
600 1972 704 2035 borum
725 1972 940 2034 immunitatem
960 1971 996 2032 ab
1017 1971 1135 2054 impoti-

117 2073 195 2136 tione
207 2075 345 2136 statuum
361 2073 543 2136 brabantiae.

578 2389 600 2463 ς.
621 2388 677 2446 xvv.

237 2579 343 2644 eterne
353 2579 494 2660 losepdot
507 2581 541 2640 de
552 2580 863 2658 Frontone-Sierstorff,
878 2580 909 2642 X
909 2581 924 2641 l
933 2584 1017 2658 epiro.

156 2785 275 2846 &uuae
295 2792 393 2852 uatus,
415 2783 450 2843 et
471 2781 569 2843 martii
594 2784 686 2853 1667,
704 2802 738 2844 ex
755 2780 845 2843 nobili
860 2780 1136 2843 Sierstorlilanorum

2 2889 3 2972 ζ
114 2882 236 2956 familia.
247 2882 324 2966 Juris
339 2883 489 2966 ulmosque
506 2881 607 2944 doctor
622 2884 651 2945 in
662 2883 811 2946 academia
828 2882 1012 2964 Mogontina.
1030 2894 1137 2952 metro-

2 3035 3 3050 .
112 2983 259 3067 politanae
268 2982 405 3046 ccclesiae
415 2982 596 3046 Coloniensis
609 2994 638 3044 et
651 2983 738 3045 simul
753 2983 888 3044 ecelesiae
901 2985 933 3044 B.
945 2982 1137 3063 MariaeVirg.

2 3109 3 3114 ’
112 3085 143 3154 ln
157 3084 301 3168 capitolio
314 3083 469 3149 canonicus
482 3103 517 3146 ac
534 3083 676 3166 gymnasii
694 3083 880 3145 Laurentium
894 3103 1007 3166 praeses
1019 3082 1138 3144 exstitit.

114 3185 207 3252 Variis
220 3185 338 3252 interim
359 3182 554 3266 legationibus
566 3183 602 3244 ad
620 3202 716 3264 regem
732 3183 897 3254 borussiae,
915 3183 951 3244 ad
965 3186 1137 3244 Batavorum

2 3279 3 3282 ¹
113 3286 322 3371 rempublicam
345 3296 375 3348 et
399 3285 513 3367 lmperii
539 3285 684 3366 principes
710 3284 878 3366 perfunctus
903 3297 955 3346 est.
977 3284 1138 3367 Aliquando

112 3390 198 3456 etiam
217 3388 406 3452 nuntiaturae
419 3387 593 3469 apostolicae
609 3388 789 3449 Coloniensis
805 3386 920 3450 auditor
933 3386 1089 3466 generalis,
1105 3405 1139 3449 ac

112 3491 328 3560 discedentem
350 3488 499 3552 Polouiam
523 3490 630 3552 nuncio
651 3487 822 3571 apostolico,
839 3481 990 3550 Francisco
1004 3488 1138 3551 Paulutio

113 3591 228 3674 (deinde
241 3595 270 3656 S.
286 3596 320 3670 ΙΙ.
338 3595 371 3656 Ε.
392 3590 560 3669 cardinale),
576 3592 805 3664 administrator,
821 3603 900 3652 tanta
914 3590 1056 3652 industria
1075 3602 1138 3652 tan·

2 3679 3 3684 ¹
113 3705 199 3777 taque
218 3693 249 3756 in
269 3692 365 3756 sedem
384 3690 571 3774 apostolicam
593 3691 773 3754 observantia
794 3705 823 3753 et
844 3691 900 3753 lide
919 3690 993 3753 bano
1011 3702 1137 3772 spartam

112 3795 293 3878 adimplevit,
311 3805 344 3855 ut
364 3793 520 3857 Clementis
539 3796 577 3855 Xl
598 3807 626 3854 et
646 3813 746 3874 regum
766 3813 798 3854 ac
815 3792 978 3875 principum
997 3791 1095 3854 laudes
1109 3804 1138 3854 et
1195 3851 1200 3860 ,

111 3895 339 3960 benevolentiam
354 3894 555 3978 promeruerit.

152 3997 275 4060 Probata
289 3997 319 4059 in
331 3997 417 4059 rebus
427 3995 546 4078 agendis
561 3995 677 4057 solertia
691 3995 792 4058 Carolo
807 3995 854 4064 ΙΙΙ,
868 4007 938 4056 tirno
951 3993 981 4054 in
997 3993 1135 4080 Hispania
