3012 4912
164 1703 432 1752 boscaudunensis
455 1703 815 1752 ARGHIPRESBYTERORUM
839 1705 895 1752 SEU
921 1705 1118 1754 DEGANORUM.

577 1905 701 1928 ’⁸04¹'-

400 2212 541 2279 Editoris
556 2212 726 2276 obseruatio
734 2213 876 2293 precoie.

169 2423 313 2494 Seremus
336 2423 368 2491 in
390 2426 493 2512 prima
512 2445 569 2492 sua
592 2423 714 2513 synodo
733 2423 810 2490 anni
828 2428 910 2492 1571
931 2423 1071 2492 decrevit
1088 2424 1154 2492 sin·

129 2533 210 2620 gulis
222 2531 318 2600 aunis
330 2534 522 2632 antuerpiae
533 2533 610 2600 feria
624 2533 716 2600 tertia
730 2541 802 2621 post
814 2531 1010 2601 dominicam
1024 2538 1157 2602 dentato

128 2640 349 2710 dioecesanam
366 2643 524 2731 synodum
545 2641 724 2709 habendam
742 2659 828 2721 esse,
849 2646 1001 2708 cemueds
1019 2645 1155 2708 conciliis

15 2737 17 2752 ’
128 2752 323 2817 decanatibus
339 2755 529 2835 suppressis,
542 2749 667 2835 iuquit,
683 2768 844 2834 quousque
858 2754 1049 2834 experientia
1067 2753 1156 2816 abiud

15 2897 16 2900 =
127 2862 341 2927 ordinandum
360 2862 511 2928 docuerit.
533 2859 621 2942 Quae
635 2877 731 2926 causa
745 2857 838 2925 illum
854 2858 894 2926 ad
909 2858 966 2925 has
983 2877 1155 2947 congrega·

15 2987 17 2994 ’
128 2966 232 3037 tiones
247 2969 508 3058 supprimendas,
525 2968 600 3036 licet
615 2978 725 3049 antea,
740 2979 777 3035 ut
792 2968 860 3057 ipse
874 2967 1006 3052 fatetur,
1023 2987 1156 3037 consue-

15 3115 16 3118 =
127 3087 177 3146 tae
191 3089 316 3157 essent,
332 3077 513 3158 adduxerit,
527 3077 681 3146 hactenus
696 3076 887 3166 investigare
902 3097 968 3146 non
985 3077 1086 3166 potui.
1103 3077 1156 3144 In-

128 3187 222 3263 terim
236 3185 313 3257 inde
328 3187 421 3256 facile
436 3187 574 3268 eruitur,
587 3186 645 3255 illo
660 3185 766 3255 sedem
783 3187 995 3276 episcopalem
1011 3196 1156 3268 tenente,

131 3295 235 3363 nullas
251 3295 446 3365 decanorum
461 3295 725 3384 congregationes
739 3295 836 3364 fuisse
851 3295 987 3364 habitas.
1005 3341 1006 3346 =

171 3403 238 3472 Sub
254 3403 586 3492 ejus-successoribus,
601 3404 756 3492 usquead
772 3423 894 3472 anuum
912 3406 1011 3486 1609,
1029 3404 1158 3492 quando

132 3533 200 3580 cum
228 3514 398 3583 foederatis
425 3515 616 3584 Hellandiae
639 3513 816 3582 Ordinibus
844 3513 992 3582 induciae
1017 3513 1158 3582 sancitae

132 3635 204 3690 sunt
219 3623 249 3704 ¹,
271 3624 393 3693 similes
420 3625 683 3714 congregationes
709 3625 756 3692 vel
780 3634 889 3692 coetus
916 3623 1083 3712 synodales
1106 3622 1155 3688 vix

133 3729 238 3799 haberi
255 3733 411 3820 potuisse,
424 3755 462 3802 eu
477 3735 518 3801 iis
532 3735 609 3802 satis
625 3746 768 3822 apparet,
784 3752 865 3820 quae
877 3734 915 3801 de
931 3733 1060 3818 illorum
1078 3741 1156 3799 tem·

132 3859 240 3926 porum
257 3841 443 3912 infelicitate
459 3845 492 3911 iu
509 3864 566 3911 sua
580 3844 619 3910 ad
634 3845 754 3911 clerum
772 3843 930 3922 oratioue,
947 3841 1054 3910 habita
1070 3861 1158 3918 anuo

164 4050 170 4078 ¹
188 4051 239 4100 Vid.
253 4052 366 4116 Synodici
379 4061 437 4102 tom.
452 4055 459 4103 l
474 4069 495 4118 p.
508 4053 556 4101 ⁰299
568 4014 594 4100 ei
602 4053 658 4102 445.
