3012 4912
803 415 919 511 (to)

347 549 411 611 loco
425 551 594 613 Torrentius
609 550 839 612 substitueretur.
856 551 972 612 lntcrinr
988 550 1059 612 obiit
1073 551 1180 612 Alanus
1197 556 1232 612 tt
1245 549 1296 612 eal.
1315 569 1366 608 uo-

347 649 473 712 uembris
485 656 574 728 15943
591 639 658 714 tunc¹
669 653 773 714 iterum
785 663 880 712 actum
895 663 939 712 est
950 651 985 712 de
996 651 1194 713 nominatione
1207 650 1366 718 Torrentii,

348 749 397 831 qui
415 753 462 812 uix
475 750 578 812 adduci
594 753 687 834 potuit
701 766 734 813 ut
747 753 842 813 sedern
860 753 1095 835 antverpiensem
1111 752 1293 835 relinqueret.
1311 753 1366 811 Res

348 850 378 910 in
393 851 488 912 medio
502 851 608 924 haesit,
624 865 653 915 et
668 853 751 935 paulo
767 865 831 934 post
842 853 1010 914 Torrentius
1026 853 1085 914 l'ato
1100 853 1193 914 cessit.

387 953 497 1013 Eodem
515 958 599 1014 etium
618 973 693 1014 anuo
715 955 806 1024 root,
825 953 1008 1024 Torrentius,
1023 951 1060 1014 ob
1077 973 1219 1014 summam
1235 953 1265 1013 iu
1281 949 1367 1011 rebus

348 1055 456 1134 patriae
470 1054 691 1136 experientiam,
710 1075 725 1115 u
741 1075 807 1135 rege
820 1053 856 1114 ad
871 1053 1022 1115 consilium
1037 1056 1136 1116 Status
1152 1053 1242 1132 belgii
1259 1051 1368 1112 accitus

347 1166 398 1215 est.
421 1155 636 1216 provinciarum
661 1169 824 1218 nostrarum
846 1155 1023 1236 gubernator
1043 1167 1113 1217 tunc
1133 1166 1195 1216 erat
1216 1157 1368 1222 Ernestus,

348 1256 484 1317 archidux
500 1256 647 1328 Austriae,
658 1257 693 1317 de
706 1278 763 1340 quo
777 1257 946 1318 Torrentius
959 1257 988 1317 iu
1004 1256 1123 1338 epistola
1138 1255 1173 1317 de
1187 1257 1233 1317 die
1244 1259 1282 1316 ⁶27
1297 1266 1369 1336 sept.

348 1359 427 1418 tant
440 1356 475 1416 ad
488 1357 628 1418 Nuntium
644 1357 832 1440 apostolicum
848 1357 888 1418 ita
902 1356 1048 1439 loquitur:
1064 1381 1077 1414 u
1091 1360 1122 1418 lu
1135 1355 1288 1417 durissima
1300 1355 1368 1424 hac,

349 1480 363 1511 u
388 1476 473 1537 quam
494 1457 633 1538 suscepit,
651 1455 816 1539 prouincia,
836 1477 851 1517 a
870 1455 952 1538 cujus
973 1457 1065 1517 salute
1083 1475 1186 1538 magna
1207 1477 1271 1538 pars
1290 1455 1370 1517 orbis

347 1581 360 1612 u
386 1556 534 1618 christiani
550 1557 702 1639 dependet,
769 1557 875 1618 artxilio
888 1556 942 1638 ipsi
957 1577 1029 1638 opus
1041 1569 1128 1624 esset,
1144 1556 1193 1639 qui
1208 1567 1310 1616 natura
1324 1559 1371 1633 (ut

349 1681 362 1712 u
388 1657 457 1717 mihi
478 1659 570 1718 visum
591 1662 649 1735 est)
671 1658 756 1741 paulo
781 1657 928 1728 remissior
948 1671 1034 1738 atque
1048 1657 1201 1738 benignior
1215 1677 1301 1739 quam
1326 1676 1371 1716 res

350 1783 362 1812 u
388 1771 502 1819 nostrae
516 1757 622 1829 lerant,
638 1758 741 1820 acriori
760 1759 872 1838 indiget
886 1758 1018 1829 stimulo,
1036 1770 1082 1830 ut,
1098 1779 1209 1830 severe,
1231 1757 1371 1818 adminis-

351 1883 363 1914 u
390 1838 491 1920 trabdo
509 1858 668 1940 justitiam,
684 1860 907 1941 pertimescere1
933 1860 1038 1942 possit,
1060 1879 1125 1920 cum
1147 1858 1292 1927 militum,
1308 1871 1370 1918 turn

351 1985 363 2015 u
388 1960 509 2020 aliorum
531 1960 617 2022 etiam
639 1961 789 2022 homiuum
812 1961 907 2021 omnis
931 1981 1020 2043 paene
1039 1961 1154 2040 generis
1175 1960 1370 2042 iniquitateuu

352 2087 364 2117 »
389 2075 490 2122 notum
506 2063 582 2123 enim
596 2083 652 2144 quo
667 2061 790 2124 maxime
803 2061 850 2123 bic
864 2062 964 2122 morbo
977 2061 1152 2133 laboramus,
1169 2061 1214 2121 cui
1231 2061 1372 2122 medendo

354 2189 365 2216 ι
391 2160 466 2223 lerro
484 2175 513 2223 et
533 2162 669 2224 cauteriis
686 2183 759 2244 opus
777 2176 835 2234 est,
858 2162 949 2223 donec
963 2161 1095 2222 ordinata
1115 2160 1229 2223 tandem
1251 2159 1371 2221 militari

354 2287 366 2317 s
390 2256 542 2344 disciplina
566 2262 670 2324 caeteri
696 2262 812 2324 ordines
838 2262 935 2323 minus
955 2261 1053 2324 afflicti
1076 2262 1219 2343 respirent
1242 2259 1372 2342 aliquan·

354 2394 366 2421 n
392 2365 500 2435 tulum,
527 2384 559 2426 ac
582 2363 729 2425 lubentius
754 2363 1013 2446 obsequantur.....
1040 2363 1132 2425 Tarda
1162 2363 1291 2445 prolecto
1318 2360 1372 2422 bac

353 2490 366 2520 u
391 2463 557 2546 praesertim
570 2474 739 2546 tempestate
749 2477 817 2525 suut
827 2465 1021 2546 Hispanorum
1032 2463 1164 2534 consilia,
1177 2483 1243 2524 cum
1255 2461 1372 2522 interint

355 2591 366 2620 u
391 2584 449 2624 non
464 2576 555 2625 cesset
568 2564 675 2636 bostis,
693 2578 725 2628 ut
739 2586 845 2646 magno
860 2579 958 2626 nostro
975 2565 1035 2647 jam
1051 2563 1136 2625 toties
1149 2563 1258 2644 experti
1273 2582 1373 2623 sumus

353 2689 367 2720 u
390 2662 474 2724 malo.
493 2665 647 2746 Speremus
661 2677 756 2727 tamen
771 2665 904 2738 meliora;
923 2676 952 2725 et
972 2663 1100 2747 prolecto
1115 2683 1173 2723 nou
1188 2661 1295 2744 absquo
1312 2661 1373 2722 siu-

352 2789 366 2820 »
391 2763 484 2843 gulari
504 2764 595 2825 divini
613 2765 742 2827 numinis
756 2766 848 2845 gratia
863 2764 970 2826 factum
986 2778 1044 2835 est,
1063 2774 1096 2825 ut
1111 2784 1162 2845 per
1174 2783 1265 2824 annos
1284 2782 1373 2845 paene

354 2890 366 2920 u
393 2863 510 2944 triginta
524 2865 646 2927 assiduis
659 2867 751 2928 attriti
765 2865 847 2928 bellis
862 2886 1009 2947 speremus
1023 2864 1116 2926 adbuc
1130 2885 1183 2924 neo
1195 2883 1309 2944 sperare
1324 2862 1373 2922 de-

355 2990 367 3020 »
392 2965 535 3036 sinamus,
550 2985 605 3048 qua
620 2964 650 3026 iu
664 2986 695 3026 re
705 2966 780 3027 bona
791 2964 887 3046 gentis
899 2966 985 3048 hujus
995 2977 1111 3025 nostrae
1125 2962 1235 3024 indoles
1250 2963 1373 3023 maxime

356 3091 367 3121 a
392 3065 534 3136 cernitur,
557 3085 611 3127 nec
631 3066 727 3126 minus
747 3079 894 3148 perspecta
915 3079 958 3128 est
980 3065 1009 3126 iu
1033 3065 1120 3126 veteri
1143 3063 1283 3144 religione
1304 3084 1374 3123 cou-

356 3191 368 3221 s
392 3165 535 3226 stantia.»
555 3165 609 3228 Cit.
624 3166 687 3228 cod.
703 3169 760 3228 lllS.
775 3165 844 3227 bibl.
858 3187 917 3247 reg.
933 3170 1018 3226 Brun.
1195 3158 1198 3162 ’

393 3269 471 3328 taos
485 3269 530 3328 die
546 3272 558 3327 l
575 3268 728 3348 februarii.
747 3267 849 3346 Signat
864 3267 990 3337 tabulas,
1012 3265 1116 3348 quibus
1135 3264 1215 3324 dotat
1229 3277 1257 3324 et
1272 3263 1375 3323 fundat

352 3364 507 3445 collegium
527 3386 579 3448 pro
598 3367 732 3428 Patribus
750 3371 778 3430 S.
796 3372 836 3439 l.,
854 3367 904 3450 qui
923 3367 1081 3429 Luranium
1102 3365 1277 3425 advenerant
1298 3364 1374 3424 circa

352 3485 459 3525 aunum
476 3468 549 3529 tttt
564 3515 571 3538 ,
586 3466 684 3550 ibique
697 3467 814 3530 domum
830 3489 879 3530 seu
896 3466 1080 3530 residentium
1095 3466 1181 3526 certis
1194 3464 1248 3526 sub
1263 3463 1376 3545 legibus

351 3579 519 3646 acceperant
531 3587 607 3630 anuo
623 3573 701 3632 teet
712 3572 735 3630 ².
750 3572 957 3631 Desiderantur
970 3573 1037 3630 illoc
1049 3570 1169 3628 tabulae.

381 3759 391 3790 ¹
413 3761 484 3810 Forte
493 3764 667 3825 perstrinperc
679 3776 719 3809 seu
729 3762 867 3810 continens.

385 3845 396 3875 ²
414 3847 481 3894 luter
492 3845 582 3912 primos
593 3845 736 3897 Academiae
752 3844 862 3895 alumnos
879 3845 921 3910 qui
940 3845 1052 3896 societati
1070 3848 1126 3896 lcsu
1143 3861 1232 3896 nomeu
1248 3845 1377 3911 dederunt,

352 3925 397 3983 luit
408 3931 525 3982 Adrianus
538 3932 719 3998 ildriaeusseus,
734 3930 923 3996 antuerpiensis,
936 3931 977 3996 qui
990 3945 1054 3980 anuo
1067 3933 1126 3982 1551
1142 3931 1273 3981 solemnem
1287 3931 1378 3994 proles-
