2990 4918
558 429 709 582 jana)

119 620 346 704 oppignoraudi‚
364 643 421 704 quo
440 621 550 683 aerario
563 623 636 686 Suae
652 621 809 704 Majestatis
823 619 959 684 adversus
974 619 1071 685 Gallos
1084 619 1152 684 sub-

118 723 224 785 veniat.
240 761 269 770 -
286 726 338 786 Ea
353 727 553 803 autographo:
568 727 622 804 cfr.
639 728 722 804 infru
736 729 775 786 od
789 727 862 785 diem
879 726 1090 804 cajetanae.

158 827 269 887 Eodem
290 847 381 886 mense
400 827 538 888 decembri
558 829 607 904 115
623 838 652 888 01
675 829 732 904 17).
755 825 891 908 Ejusdem
914 825 1054 908 praesulis
1073 827 1149 908 epis-

118 926 193 988 tolae
213 927 250 988 ad
275 928 440 988 facultatem
463 927 654 1006 theologicam
671 928 892 997 Louaniensem,
907 927 1013 1010 quibas
1027 927 1062 988 de
1076 946 1150 988 nova

118 1048 203 1089 casus
225 1028 360 1090 reservati
382 1028 476 1110 quoad
501 1041 616 1110 peccata
634 1041 735 1089 contra
757 1043 892 1111 quartum
917 1029 1046 1109 decalogi
1068 1049 1150 1111 prae·

118 1143 236 1211 ceptum
251 1130 434 1192 ordinatione
447 1130 605 1192 Facultatis
625 1130 778 1192 consilium
799 1131 929 1213 requirit.
945 1163 985 1176 -
999 1131 1053 1192 Eae
1069 1143 1151 1193 outo·

117 1235 242 1312 grapho.

162 1337 200 1394 19
213 1333 336 1410 ejusdem
346 1336 458 1392 mensis.
471 1335 651 1413 Responsum
663 1332 821 1394 Facultatis
836 1330 1015 1411 theologicae
1026 1332 1061 1393 ad
1074 1351 1154 1413 prae-

119 1434 255 1496 cedentes
269 1434 376 1494 literas.
393 1433 523 1494 Laudant
538 1433 664 1513 theologi
678 1435 870 1494 lovanienses
889 1433 1029 1514 praesulis
1042 1433 1152 1506 zelum,

119 1555 236 1596 summo
251 1533 348 1595 studio
363 1533 563 1615 prosequentis
577 1534 654 1616 quod
669 1545 780 1594 rectum
798 1547 884 1614 atque
897 1533 1002 1604 decens
1015 1546 1071 1606 est,
1091 1534 1154 1595 lue-

120 1633 295 1696 tuosissimis
313 1633 371 1694 illis
396 1633 589 1716 temporibus,
612 1633 717 1716 quibus
735 1635 882 1696 societatis
907 1635 1022 1696 uincula
1047 1635 1154 1718 ubique

120 1736 214 1798 laxata
234 1748 318 1808 sunt,
335 1748 363 1796 et
382 1735 513 1796 homines
535 1737 586 1798 Dei
607 1737 710 1798 timore
730 1736 894 1817 posthabito
907 1738 983 1797 viam
1000 1736 1078 1817 pacis
1091 1758 1153 1798 am·

122 1838 199 1920 plius
216 1859 391 1920 cognoscere
408 1859 465 1900 non
485 1837 629 1900 videntur.
648 1842 773 1900 Censent
796 1851 908 1911 tamen,
930 1851 1084 1920 antequem
1106 1860 1155 1900 ex·

123 1951 247 2000 tremum
273 1939 449 2010 remedium,
474 1938 558 2020 alualc
582 1960 634 2000 suo
658 1938 744 2002 modo
765 1950 808 2000 est
828 1940 997 2012 reservatio,
1017 1939 1047 2000 in
1069 1961 1153 2002 usum
1254 1983 1255 1988 κ

122 2053 300 2112 assumatur,
312 2041 428 2102 mitiora
443 2040 581 2102 tentanda
596 2061 665 2102 esse.
679 2075 719 2086 -
733 2042 786 2102 Eae
800 2044 990 2120 autographo.

165 2146 244 2206 1791
265 2146 310 2204 die
328 2147 366 2203 15
385 2145 534 2221 junuarii.
559 2142 671 2204 Literae
692 2147 799 2203 summi
826 2141 972 2224 pontilicis
993 2141 1038 2203 Pii
1063 2145 1099 2204 vt
1119 2143 1154 2204 ad

124 2245 279 2316 Nelisium,
297 2244 403 2327 quibus
426 2244 467 2306 illi
494 2244 658 2306 facultatem
686 2244 820 2306 concedit
845 2245 1057 2327 oppignorandi
1078 2244 1154 2307 bona

123 2347 366 2429 episcopatus-
379 2347 431 2408 Ea
446 2347 637 2426 autographo.

164 2451 184 2509 6
202 2451 357 2528 pbhrncrii.
378 2447 578 2509 vasten-balle
598 2468 632 2507 en
655 2445 804 2526 instelling
826 2467 880 2506 van
907 2466 996 2508 eenen
1020 2445 1158 2508 voortdu·

124 2550 234 2612 renden
250 2549 357 2630 biddeg
371 2549 401 2609 in
416 2548 515 2630 gehcel
529 2548 578 2610 het
592 2547 719 2618 hisdem,
732 2562 791 2609 niet
801 2547 1025 2627 aenwalthering
1036 2568 1084 2608 otu
1099 2547 1154 2608 den

124 2652 218 2736 vyand
228 2672 284 2714 van
299 2652 375 2714 Kerlt
387 2673 421 2714 en
434 2654 514 2713 Staet
530 2663 557 2712 te
570 2650 733 2734 hestryden.
749 2687 789 2698 -
804 2653 885 2714 Edit.
901 2652 998 2725 Aratu,
1008 2673 1094 2733 pepp.
1108 2656 1170 2722 tt„

126 2757 213 2814 ira-4⁰.

165 2857 331 2916 9111101111.
346 2852 506 2914 Publicatio
518 2853 638 2935 jubilaei
653 2873 669 2913 a
682 2852 734 2914 Pio
749 2855 784 2915 Vl
797 2850 844 2914 die
858 2857 876 2914 7
895 2851 974 2934 junii
993 2857 1073 2916 1795
1086 2874 1156 2916 cou-

126 2955 198 3017 cessi
212 2954 350 3016 omnibus
370 2953 478 3015 Christi
494 2952 630 3015 lidelihus
650 2954 679 3014 in
703 2952 881 3014 dioecesibus
903 2952 994 3033 Belgii
1012 2955 1159 3016 Austriaci

127 3056 308 3139 degentibus.
322 3091 361 3101 -
376 3057 458 3116 Edit.
469 3058 603 3116 idiomate
612 3058 770 3132 1100010100,
786 3075 832 3135 pp.
848 3059 880 3126 8,
894 3053 981 3115 in-d⁰.

166 3162 265 3234 Quum
283 3157 375 3238 Belgii
396 3158 523 3240 episcopi
539 3177 591 3239 pro
609 3156 749 3219 lucrando
761 3155 888 3239 jubilaeo
905 3155 1060 3237 elegissent
1073 3155 1159 3238 quin·

129 3261 232 3323 denam
247 3258 422 3342 paschalem,
435 3258 511 3321 dieo
523 3258 623 3340 aprilis
637 3257 789 3340 episcopus
801 3257 1020 3338 Antverpiensis
1030 3256 1159 3318 instituit

129 3383 229 3446 preces
243 3361 387 3424 solemnes
401 3372 429 3422 et
444 3360 670 3443 processionem,
683 3361 726 3420 uti
741 3360 770 3420 in
788 3358 860 3420 sesto
873 3359 1047 3420 sanctissimi
1059 3360 1161 3420 Sacra-

129 3462 234 3535 menti,
258 3473 291 3524 ut
312 3461 439 3523 lidelium
462 3461 548 3522 corda
572 3465 607 3521 ad
626 3459 745 3542 jubilaei
763 3460 887 3542 gratiam
902 3461 995 3540 magis
1009 3480 1160 3543 praepara·

130 3577 239 3628 rentur.
253 3565 379 3626 Dievero
391 3570 428 3625 15
439 3563 566 3645 ejusdem
578 3563 699 3634 mensis,
713 3563 834 3645 ipsemet
845 3583 909 3624 cum
921 3562 1048 3645 capitulo
1063 3562 1160 3624 cathe-

130 3668 200 3729 drali
218 3685 251 3729 ao
264 3678 325 3728 toto
340 3667 527 3747 magistratu,
542 3664 758 3744 innumerisque
768 3662 895 3744 cujusvis
907 3663 1022 3741 generis
1032 3662 1164 3726 lidelibus

132 3771 259 3850 undique
270 3766 618 3829 confluentibusvisitavit
628 3765 762 3826 ecclesias
773 3765 809 3826 ad
821 3765 991 3825 lucrandum
1002 3763 1162 3845 jubilaeum

131 3873 306 3950 designatas.

169 3978 203 4035 91
228 3973 347 4051 aprilis.
358 3970 519 4054 Episcopus
533 3969 680 4032 Bruxellas
695 3967 887 4051 proficiscitur
905 3965 940 4028 ad
955 3965 1099 4030 Ordinem
1115 3989 1163 4028 00-
