2978 4916
564 485 714 583 (rm)

590 815 612 890 s.
635 814 680 874 rv.

368 1011 537 1092 Capitulum
551 1011 583 1073 S.
594 972 698 1084 lucebi
711 1010 900 1090 Autuerpiue.

160 1177 304 1258 Capellam
329 1177 358 1238 S.
384 1173 480 1238 Jacobi
503 1175 625 1256 apostoli
644 1194 721 1235 anno
743 1176 822 1234 tlte
844 1172 1042 1234 consentiente
1067 1175 1151 1234 Petro

117 1277 154 1338 de
168 1276 278 1339 dlliaeo
293 1277 426 1360 episcopo
444 1275 642 1338 Cameracensi
663 1275 856 1346 aedificatam,
870 1294 947 1335 anno
965 1277 1042 1335 ll'l'l
1059 1273 1088 1335 in
1105 1293 1152 1334 ec-

116 1378 235 1440 clesiam
256 1377 449 1460 parochialem
464 1377 553 1439 erexit
571 1376 729 1458 capitulum
745 1375 965 1457 dntverpiense,
987 1386 1072 1456 prout
1092 1374 1152 1456 ple-

117 1479 185 1542 nius
204 1491 320 1541 constat
342 1499 376 1540 ex
399 1478 435 1539 iis
455 1498 527 1560 quae
545 1478 682 1557 leguntur
703 1475 779 1560 apud
800 1476 984 1546 Dierexsens‚
1008 1488 1078 1535 tom.
1101 1478 1153 1548 ΙΙΙ,

116 1600 164 1663 pp.
180 1583 221 1642 59
235 1592 264 1641 et
277 1600 354 1662 seqq.
368 1565 453 1640 Turri
468 1577 607 1660 novisque
627 1577 764 1640 aediliciis
784 1589 880 1648 ancta,
897 1575 1064 1659 praesertim
1075 1594 1152 1636 anno

118 1684 198 1745 1602
215 1695 335 1743 curante
351 1680 517 1742 balthasare
528 1680 562 1741 de
574 1679 704 1741 Robiano
716 1693 848 1741 senatore
858 1679 1072 1760 dntverpiensi,
1088 1677 1153 1760 pul·

5 1779 8 1790 '
116 1782 261 1844 cherrima
276 1782 450 1865 reliquarum
466 1781 651 1843 ecclesiarum
667 1780 873 1864 parochialium
887 1779 961 1841 laeta
975 1792 1028 1840 est.

157 1885 214 1947 Vix
226 1883 254 1944 in
264 1883 411 1945 ecclesiam
421 1881 613 1964 parochialem
620 1894 714 1944 erecta
722 1881 896 1962 eratcapella
905 1878 1053 1952 S.Jacobi,
1062 1900 1151 1962 quum

116 1983 285 2068 parochiani
299 1983 494 2046 desiderarent
508 1996 541 2044 nt
561 1983 590 2044 in
606 2004 654 2055 ea,
668 1985 744 2046 sient
758 1983 904 2045 ordinarie
921 1981 982 2042 lieri
997 1980 1107 2044 solebat
1121 1981 1152 2044 in

115 2085 236 2168 templis
249 2084 474 2168 parochialibus,
490 2084 713 2146 decantarentur
733 2083 821 2146 borae
839 2085 1003 2145 canonicae.
1024 2086 1056 2143 lu
1075 2082 1153 2146 hunc
1249 2113 1253 2124 ⁴

116 2187 205 2250 linem
222 2185 367 2248 Elisabeth
381 2185 517 2256 Baclsers,
531 2185 617 2266 vidua
631 2186 725 2266 Zigeri
737 2186 869 2266 Brugels,
882 2207 958 2248 anno
973 2192 1047 2254 ttssl
1065 2199 1153 2252 testa-

115 2300 218 2350 mento
228 2308 280 2349 suo
292 2287 446 2368 reliquerat
458 2287 561 2348 libram
573 2287 853 2368 grossiBrabantiae.
862 2287 931 2371 Ejus
943 2290 1077 2372 pietatem
1087 2313 1152 2354 mox

115 2389 165 2451 alii
185 2389 293 2451 imitati
308 2401 389 2461 sunt,
404 2389 443 2450 ita
459 2401 492 2450 ut
511 2387 686 2450 sufficientes
700 2388 885 2451 fundationes
903 2405 998 2454 essent
1019 2405 1047 2456 et
1065 2393 1151 2456 horae

114 2490 275 2552 canonicae
290 2490 435 2552 decantari
453 2490 600 2572 coeperint
616 2490 646 2551 in
665 2490 769 2571 Vigilia
785 2491 952 2554 Natiuitatis
969 2514 1046 2557 anno
1062 2499 1150 2558 troo.

156 2590 241 2653 Circa
259 2611 305 2652 an.
326 2594 405 2654 1628
422 2591 555 2672 magistri
574 2591 711 2652 Fabricae
730 2611 845 2674 operam
865 2593 1032 2676 impendere
1050 2617 1151 2680 coepe·

40 2759 43 2766 ,
114 2705 187 2756 runt
202 2694 238 2756 ad
253 2692 440 2768 obtinendam
460 2694 635 2755 erectionem
651 2693 771 2775 capituli
793 2695 1008 2758 canonicorum.
1024 2697 1151 2760 Ecclesia

114 2794 195 2857 enim
210 2795 239 2856 S.
262 2786 358 2856 Jacobi
380 2805 446 2877 post
460 2793 652 2856 cathedralem
666 2795 702 2855 ‘in
721 2795 837 2856 civitate
854 2807 915 2856 erat
935 2797 1071 2878 primaria
1087 2811 1149 2860 tum

1 2898 2 2901 ’
113 2909 264 2960 structura
279 2908 341 2957 tum
360 2915 481 2957 numero
497 2895 751 2978 parochianorum,
769 2896 818 2956 sed
838 2911 1050 2980 extemporum
1069 2902 1151 2962 mali-

114 2998 230 3079 gnitate
241 2995 280 3056 ita
292 2996 321 3057 in
333 2994 494 3057 redditibus
508 2997 568 3058 suis
580 2996 734 3058 imminuta
751 2997 843 3058 luerat
858 3009 890 3058 ut
903 2999 1048 3061 ordinaria
1057 3002 1151 3064 cilicia

114 3099 216 3162 divina
237 3096 390 3158 debuerint
408 3097 544 3178 suspendi
566 3098 595 3158 in
614 3098 750 3160 eeclesiae
770 3098 978 3160 detrimentum
999 3114 1027 3162 et
1052 3102 1153 3186 populi

114 3199 345 3264 incommodum.
355 3199 531 3280 Sperabatnr
541 3213 573 3261 ut
587 3219 638 3282 per
649 3199 768 3284 capituli
780 3201 970 3272 erectionem,
986 3224 1074 3284 quum
1087 3204 1148 3286 jam

1 3343 2 3348 κ
113 3304 215 3387 plures
237 3293 277 3383 pii
301 3300 477 3383 praebendas
503 3300 624 3364 fundare
649 3303 849 3374 intenderent,
873 3303 966 3364 ollicia
990 3303 1088 3366 divina
1113 3307 1147 3367 ad

112 3403 273 3488 pristinum
292 3400 473 3484 splendorem
492 3402 708 3464 reducerentur.
731 3404 860 3484 Magistri
879 3404 1016 3467 Fabricne
1033 3427 1094 3468 rem
1116 3428 1149 3469 eo

113 3505 314 3589 produxerunt
330 3516 361 3565 ut
373 3503 503 3578 isabella,
521 3503 612 3584 belgii
627 3503 830 3585 gubernatrix,
845 3505 891 3567 die
905 3509 924 3566 Ι
939 3508 1054 3588 augusti
1071 3511 1149 3571 tous

113 3607 216 3670 literas
227 3603 382 3667 dederitad
398 3605 563 3687 episcopum
580 3606 816 3688 dntverpiensem
832 3609 971 3668 loannem
989 3607 1147 3670 blalderum

1 3743 2 3748 κ
113 3721 144 3770 et
170 3706 206 3768 ad
227 3705 397 3767 Brnbantiae
420 3706 624 3768 cancellarium
651 3707 816 3780 Boisschot,
842 3719 984 3790 quatenns
1008 3709 1151 3773 laudabile

113 3809 190 3872 illud
202 3828 275 3890 opus
286 3821 487 3889 promoverent
499 3821 527 3870 et
541 3828 627 3870 omne
641 3808 880 3890 impedimentum
896 3810 1039 3874 tollerent.

157 3908 253 3970 Variis
276 3907 425 3969 decausis
446 3907 535 3970 dilata
555 3909 662 3971 erectio
682 3909 797 3970 tandem
822 3931 899 3973 anno
920 3915 997 3976 Ι656
1018 3912 1150 3976 effectum

116 4009 235 4082 habuit,
247 4009 598 4098 eamquecomprobarnnt
607 4010 765 4096 capitulum
774 4012 947 4088 eatltedrale,
961 4015 1151 4097 Antrerpien-

986 4160 1023 4220 lb
