3012 4912
771 515 887 612 (16)

314 651 543 724 111161661611616,
554 651 627 736 quae
637 653 705 716 alibi
720 654 796 717 inter
806 653 961 735 dignitates
969 664 1135 737 prensantur,
1147 653 1177 715 in
1192 653 1247 715 hoc
1261 652 1341 734 capi-

318 753 379 815 tulo
392 753 509 815 nonnisi
528 773 605 816 mera
617 753 711 816 officia
726 753 823 817 fuisse.

356 853 466 915 Eodem
485 874 562 916 nnnc
579 855 749 918 Guilielmus
768 855 803 932 de
819 856 954 938 Bergbcs,
971 869 1121 940 postquam
1140 855 1233 918 tribas
1252 853 1339 916 annis

315 953 465 1017 ecclesiam
479 956 714 1038 Antverpiensem
729 977 917 1020 summatum
932 957 1016 1019 laude
1026 957 1228 1039 gubernasset,
1243 954 1339 1017 numi·

316 1067 402 1117 natus
417 1067 447 1117 et
467 1056 622 1120 translatus
637 1069 681 1120 est
700 1057 736 1119 ad
757 1058 1008 1141 metropolitanam
1030 1059 1126 1122 sedem
1149 1061 1339 1121 Cameracen-

317 1174 378 1216 sem
393 1159 415 1216 ¹.

355 1256 465 1319 Deinde
478 1278 530 1340 per
550 1269 608 1320 tres
626 1258 742 1322 circiter
763 1279 855 1322 anuos
877 1260 989 1322 vaeavit
1010 1259 1092 1324 sedes
1104 1257 1337 1342 Antrerpiensis.

315 1355 422 1419 vicarie
436 1358 587 1442 capitulari
601 1359 746 1444 sylvestro
761 1361 872 1434 Pardo,
887 1361 915 1424 S.
930 1364 962 1423 Τ.
977 1365 1010 1424 t..

793 1719 815 1792 l·
837 1718 871 1776 V·
968 1733 971 1744 '

604 1908 730 1971 Ioannes
743 1910 889 1983 Miratus,
906 1909 955 1974 IV
963 1914 1047 1990 cpias.

353 2112 432 2172 tcta
445 2112 490 2172 die
503 2111 543 2172 06
550 2111 636 2190 jetti,
650 2110 818 2174 archiduces
831 2111 966 2174 Albertus
980 2124 1010 2175 et
1023 2111 1141 2176 isabella
1155 2113 1248 2176 literis
1260 2117 1339 2179 Gan-

240 2217 243 2224 ’
311 2211 377 2275 dari
392 2211 531 2296 expeditis
544 2211 579 2274 ad
593 2212 758 2275 cathedram
772 2215 1009 2297 Antverpiensem
1029 2215 1183 2277 nominant
1196 2219 1337 2279 loannem

312 2315 460 2386 miraeum,
470 2312 558 2394 vulgo
573 2315 612 2376 Le
622 2315 712 2384 Mire,
726 2313 951 2387 Bruxellensem,
966 2316 995 2378 S.
1007 2319 1039 2378 T.
1051 2314 1236 2388 L.,ecclesiae
1245 2317 1273 2378 S.
1287 2320 1338 2379 la-

312 2415 377 2478 sabi
392 2415 422 2477 in
437 2413 554 2495 Frigido
569 2417 667 2477 Monte
681 2413 821 2477 Bruxellis
834 2435 889 2477 uec
906 2435 965 2478 nou
983 2415 1072 2478 hulae
1089 2415 1222 2498 Belgicae
1240 2427 1339 2499 pasto-

312 2537 372 2579 rem
387 2527 415 2578 et
428 2514 601 2577 canonicum
615 2515 751 2578 ecclesiae
764 2517 793 2578 S.
808 2515 938 2578 Gudilae.

352 2621 472 2680 Exstant
482 2615 582 2678 literae
591 2616 622 2678 iu
631 2619 707 2678 Actis
717 2621 801 2696 episc.
812 2617 897 2679 Ante.
905 2619 1010 2699 Repist.
1024 2618 1100 2696 cp.
1111 2622 1137 2679 1.
1146 2619 1220 2679 Nota
1233 2616 1337 2697 Regis-

311 2731 390 2780 trum
400 2721 539 2779 Actorum
549 2716 603 2779 sub
613 2717 729 2788 thraso,
741 2717 888 2799 inceptum
900 2715 1079 2799 6110516611
1091 2719 1178 2789 1601,
1188 2717 1338 2799 couscrip-

312 2830 375 2882 tum
387 2816 474 2879 fuisse
483 2837 500 2878 a
509 2816 695 2879 celeberrime
707 2815 758 2878 illo
772 2817 820 2878 SS.
835 2819 985 2879 Cancrum
997 2816 1167 2898 interprete,
1183 2815 1338 2878 Francisco

310 2923 435 3002 lypum,
449 2918 499 3000 qui
516 2916 571 2980 tuit
585 2917 687 2998 1111661Ι
700 2917 872 2980 secretarius
882 2928 944 2979 tcto
958 2936 1015 3000 quc
1029 2915 1230 3001 hntverpiensi
1245 2916 1338 2978 ecclc-

312 3019 370 3080 siae
380 3017 505 3100 praefuit
517 3029 654 3099 tempore.
665 3014 795 3082 Alterum
807 3017 993 3078 secretarium
1004 3013 1114 3089 habuit,
1126 3016 1336 3098 seriptisetiam

312 3117 513 3188 clarissimum,
528 3115 688 3179 hubertum
702 3117 854 3188 Minaeum,
871 3129 1005 3198 nepotem
1020 3137 1118 3188 suum,
1129 3116 1190 3198 jam
1209 3116 1245 3177 ab
1259 3136 1338 3178 anuo

314 3223 392 3282 1508
406 3218 577 3280 canonicum
592 3229 621 3278 et
634 3216 738 3279 deinde
751 3216 871 3299 capituli
885 3216 1103 3300 Antrerpiensis
1114 3216 1263 3278 decanum.

354 3322 447 3391 1601,
464 3321 510 3380 die
529 3321 569 3380 50
589 3322 674 3390 usati,
696 3330 846 3401 postquam
871 3317 920 3378 diu
945 3317 1118 3399 dignitatem
1143 3317 1337 3399 episcopalem

311 3418 502 3505 repudiasset,
513 3418 629 3482 tandem
643 3419 674 3481 in
686 3420 806 3482 ecclesia
820 3418 976 3482 cathedrali
992 3431 1176 3481 cousecratur
1189 3417 1226 3480 ab
1239 3418 1337 3480 archi-

343 3649 353 3680 ¹
370 3647 499 3700 Ecclesiam
511 3646 576 3698 illam
590 3647 746 3714 integerrime
762 3648 938 3699 administrarit
954 3665 1030 3716 usque
1045 3651 1076 3700 ad
1092 3666 1184 3701 aunum
1196 3651 1273 3718 1600,
1288 3666 1341 3716 quo

312 3733 378 3784 obiit.
391 3732 447 3799 Ejus
461 3733 528 3783 heres
544 3733 628 3784 unicus
639 3733 744 3784 lacubus
755 3734 784 3783 de
795 3735 912 3801 Berghes,
927 3733 987 3785 baro
996 3736 1026 3785 de
1038 3734 1210 3803 Grimbergen,
1221 3735 1259 3786 die
1268 3737 1284 3786 5
1294 3751 1343 3787 au-

311 3818 376 3886 gusti
389 3821 461 3886 1600,
470 3834 514 3884 pro
526 3818 651 3886 refrigerio
661 3819 756 3868 animae
765 3819 881 3884 praesulis
892 3821 1001 3872 fundavit
1012 3821 1069 3873 bina
1080 3822 1255 3888 anniversaria,
1267 3823 1341 3873 annis

311 3905 413 3970 singulis
431 3905 455 3956 in
472 3905 510 3955 die
523 3904 601 3955 obitus
613 3905 645 3953 17
657 3903 739 3968 aprilis
750 3903 906 3972 celebranda,
917 3905 942 3956 in
955 3907 1085 3957 cathedrali
1102 3907 1265 3971 antverpiensi
1276 3916 1301 3958 et
1314 3908 1341 3959 iu

312 3990 409 4042 abbatia
420 3993 443 4044 S.
453 3989 574 4042 bernardi.
584 3988 635 4042 Vid.
646 3988 760 4040 Sandtrt‘
774 3991 851 4042 Brut.
865 3992 958 4043 illustr.
972 3999 1029 4042 tum.
1046 3993 1056 4042 l
1069 4009 1091 4057 p.
1101 3993 1149 4044 160
1160 4000 1186 4043 et
1197 3993 1253 4043 483.
