2978 4916
791 439 863 511 242
887 441 900 535 )

313 578 449 640 subeam
463 578 575 641 abbatis
591 580 620 640 S.
641 444 802 649 Michaeiim
814 578 878 638 'hoe
896 578 972 638 enim
993 597 1070 639 enno
1092 577 1265 638 Brabantiae
1284 575 1343 638 dux

313 677 485 740 Godefridus
495 682 531 740 111
544 678 619 740 bona
630 678 770 760 quaedam
780 677 918 740 ecciesiae
927 680 956 740 S.
968 678 1116 740 Michaelis
1128 677 1235 739 donata
1247 677 1344 740 eidem

314 785 467 848 confirmat
484 783 538 846 sub
559 783 727 846 conditione
743 785 820 864 qued
835 787 929 865 fitium
949 787 1106 865 quamdam
1128 787 1291 846 Beutrieem
1305 787 1346 846 od

312 890 521 948 monadorum
534 889 688 963 adsaporet
701 895 726 946 et
739 887 888 965 reliptonr'r
898 885 1026 946 habitum
1039 886 1203 946 arroderet
1218 889 1241 946 ¹.

685 1123 744 1160 auu.
764 1106 971 1160 Sarutunmutt.

354 1263 439 1322 nuno
448 1263 525 1322 1662
537 1257 673 1342 priorissa
685 1273 846 1322 conuentus
858 1261 886 1322 S.
898 1260 1064 1342 Sepulchri,
1077 1259 1107 1321 in
1117 1259 1226 1342 oppido
1240 1263 1346 1322 flasse-

313 1360 428 1433 letensi‚
440 1360 552 1422 ordinis
561 1362 591 1423 S.
606 1359 777 1440 Augustini,
788 1359 961 1442 supplicavit
975 1360 1179 1442 magistratum
1190 1361 1347 1422 Turnhou—

313 1473 427 1532 tanum.
439 1473 582 1542 quatenus
593 1459 725 1521 coenobii
736 1459 781 1521 sui
791 1457 940 1524 sororibus
953 1459 1100 1543 aliquibus
1109 1459 1210 1522 liceret
1221 1460 1346 1523 domiai-

314 1551 385 1622 nim
393 1560 482 1644 figere
491 1560 655 1623 Tumhouti
663 1559 699 1621 ad
706 1559 907 1638 instruendam
919 1573 948 1622 et
958 1560 1140 1624 formandam
1148 1560 1345 1643 juventutem.

313 1664 477 1724 Consensus
486 1661 571 1724 datus
581 1673 625 1723 est
637 1660 684 1722 die
695 1663 735 1722 dd
746 1661 845 1722 martii
857 1663 985 1734 166661
996 1661 1136 1744 postridie
1147 1661 1344 1733 conditiones,

314 1783 330 1824 a
342 1763 514 1844 magistratu
526 1761 652 1845 positae,
667 1772 831 1844 acceptatae
845 1761 973 1824 fuerunt.
989 1765 1056 1824 Mos
1068 1774 1167 1826 secuta
1181 1774 1225 1823 est
1239 1780 1347 1845 appro-

314 1865 392 1925 batio
408 1884 442 1925 ex
459 1876 540 1946 parta
560 1861 750 1944 principissae
764 1862 894 1924 Amaliao
911 1863 947 1924 de
960 1862 1070 1935 Solms‚
1084 1861 1188 1926 viduae
1202 1863 1348 1945 principis

314 1951 444 2036 Auriaoi,
463 1976 611 2047 tamquam
626 1947 793 2024 baronissae
803 1963 839 2023 de
852 1963 1015 2025 Turnhout.
1031 1965 1128 2026 Mense
1140 1962 1255 2026 oetohri
1267 1963 1348 2046 ejus-

315 2066 381 2128 dem
395 2065 464 2128 anni
483 2065 635 2147 episcopus
657 2063 827 2126 umbrosius
849 2063 965 2146 Capello
986 2064 1115 2126 instituit
1131 2076 1258 2147 quatuor
1277 2065 1347 2128 reii-

315 2167 410 2247 giosas
424 2186 491 2229 oum
506 2185 564 2226 una
580 2184 679 2226 sorore
697 2183 834 2226 conversa
850 2162 879 2224 in
894 2163 980 2225 domo
994 2164 1049 2226 sita
1064 2163 1094 2226 in
1110 2165 1203 2248 platea
1217 2168 1348 2246 Puepen-

314 2270 438 2348 stroetje.
452 2266 542 2329 Paulo
556 2278 621 2348 post
637 2266 883 2346 transmigrarunt
897 2265 932 2328 ud
955 2265 1041 2328 aliam
1063 2265 1182 2328 domum
1209 2267 1296 2329 sitam
1314 2269 1347 2330 in

316 2367 409 2449 platea
420 2367 453 2426 de
462 2367 700 2437 duddan-struet,
712 2375 741 2427 et
751 2363 942 2427 obtinuerunt
953 2363 1101 2426 licentiam
1113 2365 1245 2445 erigendi
1256 2367 1348 2428 saeel-

316 2467 377 2528 lum
388 2466 578 2528 domesticum
591 2486 643 2547 pro
655 2487 685 2528 se
697 2469 813 2547 suisque
823 2463 1013 2528 scholaribus.
1025 2469 1109 2527 Anno
1121 2470 1200 2530 1675
1211 2482 1349 2530 emerunt
1364 2465 1365 2470 ’

316 2555 404 2629 aliam
414 2565 534 2628 domum
548 2564 578 2627 in
594 2565 688 2647 platea
701 2570 736 2628 de
749 2567 1088 2637 Hereutieolsoiteotraet,
1099 2583 1186 2649 quarn
1198 2567 1229 2630 in
1240 2589 1349 2632 eueno-

316 2669 397 2731 bium
418 2680 568 2752 aptarunt,
588 2667 685 2749 ibique
704 2667 854 2730 eeclesiam
875 2679 1113 2740 construxerunt,
1129 2689 1202 2750 quae
1219 2671 1348 2752 pertenta

317 2770 373 2833 suit
393 2790 462 2832 cura
475 2770 572 2833 Caroli
585 2769 774 2832 liudouieide
788 2769 815 2831 la
830 2771 908 2842 Rue,
920 2769 1073 2832 directoris
1087 2771 1173 2854 hujus
1184 2786 1349 2837 nonventus

316 2886 344 2934 et
358 2871 463 2933 deinde
476 2870 577 2932 decani
592 2870 710 2952 capituli
722 2869 922 2932 Turnhoutani
937 2873 959 2931 ².

711 3088 765 3124 xiv.
786 3072 960 3124 Tsurrnmas.

360 3232 387 3288 1.
407 3224 584 3289 Coenobinm
603 3224 639 3286 de
653 3226 836 3304 Lupthopem
852 3225 894 3286 sio
914 3222 1024 3285 dietum
1041 3243 1058 3284 a
1076 3223 1139 3284 vieo
1153 3223 1208 3285 sub
1223 3245 1298 3307 pago
1311 3226 1351 3288 de

317 3324 435 3387 Mortsel
450 3344 539 3408 prope
555 3323 741 3407 antverpiam
760 3325 828 3394 sito,
841 3323 991 3384 eonditum
1009 3325 1038 3384 et
1052 3323 1182 3386 dotatum
1198 3324 1255 3387 fnit
1270 3345 1351 3389 anno

319 3427 400 3489 1196
411 3445 428 3486 a
438 3428 548 3487 Joanno
561 3425 597 3486 de
611 3427 717 3496 idmst,
732 3424 851 3486 domino
862 3424 897 3484 de
911 3423 1105 3486 Cantiekrode
1115 3445 1164 3488 sen
1176 3428 1353 3512 Cantecroy‚

319 3526 354 3588 de
365 3526 484 3588 Mortsel
498 3537 527 3587 et
541 3527 577 3588 de
588 3529 729 3606 Busegem
744 3545 794 3586 seu
810 3525 952 3606 Edegem‚
967 3524 1086 3608 ejusque
1100 3524 1225 3608 conjuge
1235 3531 1353 3610 agnete

318 3628 354 3689 de
364 3627 514 3710 Huysvelt,
530 3647 581 3709 pro
593 3625 770 3688 habitatione
781 3647 827 3687 sex
838 3647 970 3688 sororum
983 3627 1083 3690 tertiae
1094 3628 1211 3708 regulae
1222 3631 1251 3691 S.
1260 3633 1355 3694 Fran-

351 3863 360 3890 ¹
378 3863 446 3927 Apud
459 3865 605 3931 sanderum,
617 3873 675 3916 tom.
688 3865 711 3931 l,
723 3880 746 3928 p.
760 3867 815 3914 tta.

353 3949 363 3977 ¹
379 3950 438 4000 Vide
446 3964 519 4013 supra
531 3965 554 4013 p.
568 3951 623 4000 171.
