3012 4912
127 617 232 694 pardo,
244 623 273 684 S.
290 625 321 684 T.
335 625 380 696 L.,
388 623 449 705 jam
462 634 544 685 antea
555 623 654 684 eodem
666 644 785 686 munere
796 624 955 707 perfuncto.
967 624 1044 698 Quid
1054 636 1150 688 autern

128 723 193 784 nori
221 723 351 807 episcopi
376 725 604 786 nominationem
632 726 803 799 tardaverit,
836 748 893 788 non
926 726 1028 809 liquet,
1057 727 1153 811 inquit

128 822 311 898 Diercxseus
336 825 392 886 nisi
414 824 488 887 sorte
505 825 651 887 obstiterit
671 829 822 910 negotium
841 826 1029 910 separationis
1042 826 1152 910 espico-

127 938 211 1008 patus
225 926 263 988 ab
277 926 391 989 abbatia
406 929 434 992 S.
447 928 601 1004 Bernardi,
615 929 691 1013 quod
707 944 772 1014 post
790 930 934 994 Torrentii
953 929 1063 993 obitum
1078 929 1153 992 serio

127 1025 231 1108 agitari
247 1028 351 1111 coepit.

592 1344 614 1418 a.
636 1343 680 1402 ru.

380 1543 552 1646 Guilelmus
565 1547 599 1604 de
614 1537 749 1625 Barakes,
765 1542 815 1603 111
822 1544 906 1616 episc.

171 1748 258 1809 Anno
269 1750 348 1809 1597
359 1746 395 1808 ab
406 1746 525 1809 ailberto
536 1747 668 1809 lustriae
679 1746 832 1809 archiduce
844 1747 879 1808 ad
896 1744 1051 1827 regendam
1065 1744 1156 1808 eccle-

133 1847 202 1908 siam
216 1847 455 1931 Antverpiensem
470 1847 633 1910 destinatur
647 1847 817 1910 Guilielmus
830 1846 865 1909 de
875 1847 1015 1930 Bergbes‚
1027 1867 1061 1908 ex
1072 1866 1155 1929 prae·

132 1949 220 2011 nobili
231 1949 374 2012 baronum
383 1969 416 2011 ac
426 1949 565 2012 comitum
573 1948 840 2030 Grimbergensium
848 1958 1000 2010 stemmate
1007 1946 1156 2020 oriundus,

131 2051 255 2112 decanus
268 2049 439 2112 cathedralis
454 2049 590 2112 ecclesiae
600 2048 781 2122 Leodiensis,
793 2049 951 2132 multisque
960 2048 1156 2130 legationibus

131 2150 181 2212 sub
196 2151 332 2235 episcopo
346 2150 472 2214 Gerardo
487 2150 687 2213 Groesbecano
701 2151 860 2213 honorifice
874 2151 1054 2235 perfunctus.

168 2255 248 2316 1598
265 2256 312 2314 die
328 2255 367 2316 89
383 2257 499 2324 martii,
518 2265 704 2315 consecratur
722 2252 753 2314 in
774 2251 930 2314 cathedrali
950 2251 1152 2335 Antverpiensi

132 2372 178 2434 per
198 2373 284 2414 suum
303 2349 558 2435 metropolitanum
578 2353 729 2415 blat'thiam
745 2353 883 2426 florium,
903 2351 1151 2436 archiepiscopum

130 2453 378 2528 llechliniensem‚
403 2453 603 2516 assistentibus
626 2458 712 2517 Petro
737 2453 891 2516 Damantio
915 2452 1096 2516 Gandavensi
1121 2463 1151 2514 et

24 2601 25 2604 ,
132 2554 262 2616 Gisberto
275 2554 365 2615 blasio
379 2555 592 2617 Buseoduoensi
608 2555 760 2638 episcopis.

24 2725 26 2734 ‚
168 2658 279 2718 Eodem
290 2677 377 2726 auno,
388 2677 480 2718 mense
489 2663 596 2718 martio
609 2669 634 2718 et
645 2660 745 2736 aprili,
758 2657 891 2719 monachi
903 2659 931 2720 S.
943 2657 1092 2730 Bernardi‚
1104 2657 1155 2740 qui

24 2769 25 2780 ¹
90 2815 94 2824 ,
131 2757 193 2818 sede
207 2767 327 2818 vacante
342 2755 432 2818 multa
446 2769 566 2839 egerant
582 2757 617 2818 ad
635 2756 823 2818 obtinendam
841 2757 1051 2840 separationem
1066 2757 1153 2819 abba·

130 2859 184 2920 tiae
198 2858 234 2920 ab
249 2859 428 2941 episcopatu,
443 2859 576 2941 incoepta
587 2878 638 2920 sua
650 2858 703 2920 sub
712 2879 790 2930 *novo
802 2858 852 2920 illo
865 2859 999 2942 episcopo
1011 2860 1154 2941 persecuti

129 2971 205 3021 sunt.
222 2962 376 3042 Quumque
392 2959 422 3020 in
443 2958 543 3042 Belgio
561 2960 658 3021 omnia
675 2971 834 3021 tentassent
852 2959 971 3032 frustra,
993 2958 1069 3022 sedis
1085 2979 1153 3042 apo·

24 3123 25 3128 ,
129 3061 243 3122 stolicae
260 3059 434 3143 praesidium
451 3059 606 3143 implorare
617 3060 815 3122 decreverunt.
828 3063 927 3142 ltaque
941 3071 1063 3122 exeunte
1076 3080 1153 3122 anno

24 3229 25 3232 Ἴ
131 3165 206 3224 1598
221 3163 342 3224 Romam
360 3160 536 3242 deputarunt
550 3161 689 3244 'quosdam
707 3161 809 3233 esuis,
827 3161 876 3243 qui
895 3181 954 3222 rem
969 3159 1004 3222 ad
1019 3159 1151 3222 effectum

24 3255 25 3336 ξ
129 3263 284 3344 perducere
297 3275 480 3324 conarentur.
496 3262 649 3347 Deputatio
661 3263 741 3324 omni
756 3262 850 3323 caruit
864 3260 981 3331 effectu,
996 3273 1025 3322 et
1038 3260 1153 3323 abbatia

24 3357 25 3418 J
130 3362 220 3425 adbuc
236 3362 447 3446 quinquaginta
464 3364 549 3425 annis
565 3363 742 3446 episcopatui
765 3363 846 3424 unita
862 3363 978 3423 mansit.
993 3359 1057 3423 Vid.
1077 3360 1153 3424 insra

24 3471 25 3548 ζ
129 3463 161 3524 ad
176 3484 223 3526 an.
240 3465 329 3525 1600.

167 3567 220 3626 ute
241 3567 281 3626 19
294 3565 375 3642 junii
393 3567 517 3643 ejusdem
531 3568 604 3625 anui
621 3567 711 3636 1598,
727 3561 886 3645 capitulum
906 3561 1082 3635 cathedrale,
1101 3561 1153 3623 tri·

132 3665 207 3743 ginta
218 3665 304 3725 anuis
317 3675 382 3746 post
394 3664 438 3726 Pii
450 3667 474 3726 V
487 3663 595 3726 bullam
609 3663 646 3726 de
660 3664 706 3725 die
718 3667 737 3726 8
745 3663 813 3747 julii
827 3666 919 3737 1568,
932 3683 987 3746 qua
1000 3662 1153 3725 abolentur

24 3761 25 3768 '
131 3763 267 3826 breviaria
280 3764 464 3847 particularia
476 3764 617 3847 (exceptis
626 3764 662 3826 iis
672 3785 769 3847 quaea
782 3764 915 3826 ducentis
926 3764 1010 3825 annis
1023 3775 1105 3825 erant
1120 3764 1150 3824 in

131 3869 200 3946 usu),
215 3865 328 3928 dimisit
341 3867 490 3949 proprium
507 3888 591 3929 suurn
611 3865 800 3940 breuiarium,
818 3877 847 3927 et
863 3865 1023 3948 acceptavit
1040 3864 1151 3926 brevia-

129 3968 199 4031 rium
212 3988 378 4042 romanum‚
392 3969 549 4032 decernens
559 3980 588 4032 et
597 3968 740 4031 mandans
751 3967 948 4049 capitulariter
958 3965 1054 4029 omnia
1067 3985 1155 4049 prae·
