2990 4918
545 485 696 586 (ru)

106 623 223 708 plicare,
239 622 263 686 si
280 622 349 708 quid
362 623 483 687 ulterius
498 623 586 687 luerit
601 626 764 707 agendum:
782 625 936 688 contrariis
949 625 1137 708 quibuscum·

107 746 160 808 que
175 746 234 787 non
252 725 446 789 obstantibus.
461 763 501 772 -
515 727 656 809 losephus
675 719 807 800 Marotti,
829 749 844 788 a
868 728 992 790 Secretis
1010 729 1139 790 Sanctis·

107 827 182 887 slml.
197 863 237 872 —
251 830 283 887 L.
296 831 317 904 †
328 828 356 888 S.
382 853 396 883 u

21 997 22 1000 Ἴ
147 926 237 987 Paulo
258 940 336 1008 post,
358 924 468 987 scilicet
489 926 536 987 die
554 930 588 988 dl
615 928 731 1009 augusti
756 931 847 1002 1798,
869 928 1020 991 Cornelius
1040 941 1139 990 noster

21 1021 22 1024 ¹
109 1041 231 1090 mortem
250 1028 332 1089 obiit.
355 1029 483 1110 ignatius
506 1029 621 1100 Perini,
645 1029 794 1112 presbyter
810 1030 950 1102 Oratorii,
973 1044 1001 1092 et
1021 1031 1139 1101 Nelisii,

109 1129 175 1190 durn
193 1129 223 1189 iu
242 1129 323 1192 ltalia
342 1141 518 1201 moraretur,
540 1130 728 1201 secretarius,
749 1131 884 1192 acerbum
904 1131 976 1193 illud
999 1132 1139 1193 nuncium

21 1217 22 1274 ]
109 1230 365 1312 dntverpienslbus
377 1230 493 1302 detulit,
502 1231 617 1313 scriptis
627 1231 720 1293 literis
732 1233 767 1294 de
777 1233 824 1294 die
836 1237 874 1294 ab
885 1233 1012 1313 ejusdem
1022 1234 1139 1306 mensio,

111 1332 219 1392 tenoris
233 1332 380 1413 sequentis
395 1354 401 1392 :
420 1357 434 1390 a
450 1332 616 1394 Incredibili
630 1333 720 1394 animi
735 1332 835 1394 dolore
851 1333 959 1395 allicior
973 1346 1001 1394 et
1015 1335 1061 1394 vix
1075 1355 1140 1416 pos-

111 1455 173 1494 surn
195 1433 282 1494 verba
308 1433 451 1515 prolerre,
473 1446 501 1494 et
524 1447 619 1494 tamen
640 1434 710 1494 haee
729 1434 798 1495 licet
814 1455 997 1516 summopere
1017 1433 1142 1496 inlausta

113 1534 186 1596 tibi¹
203 1535 338 1596 nuntiare
353 1555 453 1616 cogor.
465 1535 616 1596 Cornelius
632 1547 732 1596 noster
747 1536 987 1616 spectatissimus,
998 1549 1142 1597 vestrum-

112 1657 165 1717 que
179 1637 411 1707 amantissimus,
427 1637 488 1697 heri
504 1636 574 1698 bora
588 1649 690 1719 quarta
705 1637 847 1698 matutina
864 1637 923 1698 sato
938 1639 1063 1698 cessit...
1079 1639 1143 1698 lum

21 1787 22 1794 ,
113 1738 147 1799 ab
161 1757 239 1802 auno
252 1752 281 1799 et
293 1738 403 1820 aliquot
421 1738 569 1802 mensibus
582 1751 682 1800 noster
696 1739 789 1800 bonus
804 1751 903 1821 pastor
920 1731 1086 1812 statuistis,
1103 1739 1143 1800 ita

113 1842 188 1900 eninr
203 1839 354 1902 nominare
369 1862 434 1901 curn
451 1861 581 1922 possum,
597 1861 626 1902 se
640 1841 827 1924 oppressione
842 1843 967 1924 pectoris
981 1843 1143 1904 cruciatum

113 1940 269 2012 sentiebat,
285 1959 359 2024 quae
376 1941 468 2019 inagis
489 1941 638 2024 magisque
652 1963 668 2003 a
685 1941 798 2004 duobus
815 1943 963 2004 mensibus
982 1944 1144 2005 Florentiae

114 2042 333 2122 aggravabatur.
352 2046 508 2123 Postquain
530 2043 698 2105 devenimus
720 2044 750 2104 iu
772 2043 850 2104 hunc
868 2065 981 2106 sacrum
1003 2044 1099 2105 locum
1114 2047 1143 2115 2,

115 2164 167 2223 quo
184 2143 330 2204 transvehi
347 2143 438 2204 voluit
450 2143 617 2204 solitudinis
633 2164 731 2204 amore
749 2159 778 2204 et
797 2157 830 2205 ut
848 2145 964 2224 aliquod
981 2144 1050 2205 huic
1069 2145 1144 2206 rnalo

115 2267 164 2306 suo
179 2244 309 2306 levamen
324 2245 482 2314 inveniret,
495 2245 595 2326 paucis
608 2245 718 2327 aliquot
728 2246 830 2307 diebus
841 2246 915 2307 berre
927 2267 957 2307 se
968 2245 1081 2317 babuit;
1095 2246 1144 2306 sed

115 2357 183 2406 tunc
204 2345 330 2416 malurn,
349 2345 425 2426 quod
440 2356 502 2405 erat
516 2344 718 2407 absconditum
739 2367 798 2408 uno
813 2349 871 2408 ictu
889 2369 919 2409 se
933 2347 1143 2420 manifestarit,

116 2461 200 2529 atquc
217 2447 247 2507 in
272 2450 333 2529 ipso
353 2445 542 2527 detegebatur
561 2447 665 2509 vitium
685 2448 800 2531 aliquod
822 2435 993 2529 organicum
1012 2470 1146 2530 praecor·

116 2548 229 2610 diale....
250 2551 326 2609 Mors
341 2547 403 2630 ejus
418 2549 493 2610 vitae
510 2549 671 2610 consoranis
692 2550 763 2622 luit,
782 2561 894 2612 tanturn
914 2550 990 2610 valet
1006 2571 1039 2612 ac
1056 2550 1080 2609 si
1102 2550 1148 2610 di·

116 2670 209 2711 cerem
223 2654 326 2710 scorti.
341 2650 513 2712 Incredibile
529 2663 573 2711 est
588 2663 728 2732 quantum
746 2650 840 2712 affecti
857 2651 964 2711 fuerint
985 2651 1088 2732 optimi
1104 2651 1148 2712 illl

117 2751 262 2833 religiosi,
279 2751 411 2832 quanivis
428 2772 494 2812 eum
511 2772 527 2812 a
542 2771 632 2832 pauco
649 2766 761 2813 tanturn
785 2766 914 2833 ternpore
932 2753 1146 2830 cognovisseut;

21 2867 23 2930 ᾗ
118 2873 150 2914 ac
172 2853 253 2914 ornni
276 2853 363 2914 inodo
388 2853 444 2914 huc
465 2867 716 2926 monstraverunt,
738 2855 828 2916 ininiu
849 2866 948 2914 tantus
970 2873 1072 2915 eurum
1092 2854 1148 2914 luit

120 2953 249 3024 allectus,
269 2966 301 3014 ut
316 2954 480 3034 sepulturae
496 2953 558 3036 ejus
574 2955 782 3016 destinaverint
797 2955 908 3026 locunt,
928 2955 958 3016 in
975 2976 1033 3037 quo
1047 2975 1148 3018 ornnes

21 3079 22 3086 ¹
120 3055 203 3137 hujus
216 3055 307 3115 eremi
321 3054 427 3136 sepulti
443 3071 511 3115 sunt
526 3056 611 3117 beati.
634 3079 648 3112 u

158 3159 219 3216 Hoc
232 3154 289 3216 sibi
304 3155 403 3216 vivens
413 3155 592 3238 epitaphium
604 3157 834 3238 conscripserat:

555 3363 619 3398 llllfl.
632 3365 706 3398 tauta

417 3447 555 3484 CORNELIUS.
569 3450 720 3484 caeretanus
733 3449 764 3484 BE
776 3450 844 3484 1!le

495 3536 570 3571 EPlSG.
588 3536 774 3571 anvvnnrtettsm

526 3622 539 3654 Ρ
546 3622 559 3654 Ε
567 3621 599 3655 GC
606 3624 620 3654 Δ
627 3622 662 3654 '1¹0
669 3623 693 3658 n.
713 3624 746 3656 ΕΤ

552 3707 711 3742 eutramnus.

155 3908 164 3937 ¹
181 3907 286 3957 Antonio
296 3909 397 3959 Oomen.

156 3994 166 4023 ²
182 3995 296 4045 Eremuur
307 3993 532 4046 Camaldulenslurn.
