3034 4908
130 651 142 677 u
171 625 336 706 portunitas
348 625 418 687 mibi
431 625 644 688 luitmultoties
655 627 762 688 multos
772 647 804 687 ex
818 627 854 687 iis
865 626 1079 708 contemplandi
1092 628 1162 689 iusi-

133 753 148 783 »
172 728 271 808 guitos
282 728 377 808 elligie
391 729 532 800 Caesaris,
546 729 684 810 Augusti,
699 729 819 799 Tiberii,
834 729 960 801 Claudii,
972 729 1165 811 Agrippinae,

133 853 147 885 a
172 829 311 901 Neronis,
333 830 452 903 Galbae,
476 815 601 904 Vitellii,
622 830 693 904 Titi,
712 829 877 913 Vespasiani
902 842 931 892 et
954 832 1109 892 Domitiani
1114 879 1161 894 .....

135 955 149 987 n
173 930 329 992 Dicebatur
356 950 494 992 nummus
521 929 616 1010 effigie
643 930 759 991 Ottonis
786 930 944 1012 insignitus
970 931 1070 992 eodem
1098 931 1162 994 loco

133 1057 149 1090 n
172 1033 308 1103 effossus,
330 1045 360 1095 at
379 1033 521 1114 denegata
542 1032 613 1094 mibi
635 1032 691 1095 luit
712 1032 825 1094 oeeasio
846 1033 988 1095 intuendi.
1010 1036 1160 1096 Caeterum

135 1159 150 1192 u
174 1135 366 1216 posteriorum
391 1135 613 1216 imporatorum,
636 1135 758 1196 llonorii
782 1133 916 1196 videlicet
936 1146 965 1196 et
985 1134 1162 1216 subsequen-

135 1259 150 1291 »
173 1235 264 1307 tium,
285 1233 364 1296 nulla
388 1234 418 1296 in
439 1233 529 1316 Nylen
550 1234 667 1297 inventa
695 1233 784 1296 luere.
809 1235 990 1318 Quamquam
1017 1235 1104 1296 variis
1125 1235 1161 1297 de

69 1397 72 1401 ,
135 1361 150 1391 »
173 1335 268 1396 causis
287 1333 426 1397 abscondi
446 1347 496 1396 aut
517 1333 634 1416 deperdi
659 1346 766 1418 queant
792 1333 930 1407 thesauri,
956 1356 1039 1416 saepe
1063 1348 1159 1398 tamen

136 1461 150 1494 a
174 1435 295 1507 dueum,
313 1435 439 1498 militum
455 1449 505 1498 aut
519 1436 722 1518 indigenarum
742 1435 869 1520 providis
886 1437 964 1500 curis
977 1437 1160 1500 attribuenda

136 1563 150 1596 a
173 1549 217 1599 est
228 1537 393 1600 occultatio.
406 1564 419 1592 u

491 1679 531 1728 20.
549 1679 689 1729 Ounnoanu.
707 1679 732 1730 C.
750 1678 807 1728 595,

176 1799 301 1860 Ecclesia
317 1802 349 1860 B.
370 1799 476 1862 Mariae
492 1799 562 1862 olim
585 1801 620 1862 ab
641 1801 760 1862 ecelesia
776 1801 931 1883 parochiali
953 1801 988 1863 de
1005 1803 1161 1865 Broocbem

133 1901 264 1983 sejuncta
281 1899 346 1962 luit.
364 1903 434 1962 Earn
450 1901 546 1985 itaque
561 1903 660 1965 eodem
669 1902 736 1985 jure
751 1902 916 1965 conferebat
931 1891 1019 1964 abbas
1035 1905 1164 1985 Tunger-

133 2001 242 2064 loensis
257 2006 279 2064 ¹.

174 2103 366 2165 Wendelinus
392 2102 422 2165 in
443 2122 529 2185 opere
550 2121 602 2164 suo
619 2105 653 2164 de
672 2104 776 2168 Natali
794 2106 853 2164 solo
871 2107 962 2184 loquor
979 2103 1160 2176 Saliourum,

134 2223 197 2286 cap.
219 2207 270 2277 to,
289 2204 391 2266 asserit
410 2223 517 2285 pagum
538 2203 616 2264 buno
640 2216 773 2264 vocatum
796 2203 884 2264 luisse
902 2207 1048 2285 ldulqum,
1068 2217 1096 2266 et
1113 2206 1160 2268 bic

133 2307 329 2385 Molberpium
342 2327 358 2367 a
370 2305 490 2367 Francis
504 2303 645 2367 habitum.
657 2304 804 2388 Quidquid
819 2305 871 2376 sit,
886 2305 983 2390 iuquit
992 2307 1030 2367 Le
1040 2309 1103 2390 Roy
1113 2327 1161 2389 op.

134 2406 184 2467 cit.
199 2425 227 2487 p.
246 2409 316 2478 l9l,
332 2416 490 2488 suppetunt
509 2403 595 2467 nobis
611 2417 782 2486 argumenta
797 2404 902 2488 quibus
920 2405 1049 2468 stabilire
1064 2427 1160 2490 possc-

134 2526 201 2567 mus
221 2506 424 2587 perantiquum
442 2527 502 2568 esse
518 2518 547 2568 et
561 2506 793 2568 Broeebemiensi
807 2507 1010 2580 vetustiorem,
1029 2509 1160 2588 quamvis

134 2606 254 2669 eeclesia
275 2607 310 2668 de
334 2608 489 2689 Oeleghem
513 2607 668 2690 aliquando
692 2606 780 2668 luerit
799 2605 941 2689 appendix
964 2607 1100 2670 ecclesiae
1124 2609 1160 2671 de

135 2707 303 2770 Rroecbem.

442 2829 482 2878 bl.
499 2829 583 2878 Panna
595 2840 640 2878 reu
651 2827 739 2878 Poma.
757 2825 783 2876 C.
800 2825 857 2875 285.

176 2955 281 3016 Curam
295 2952 466 3036 pastoralem
478 2950 614 3016 ecclesiae
623 2954 652 3015 S.
665 2951 744 3014 Petri
753 2949 920 3014 conserebat
930 2952 1081 3034 episcopus
1091 2959 1162 3016 Ant-

135 3075 304 3138 verprensrs.

472 3176 511 3224 bd.
529 3141 711 3225 Punbnauosca.
730 3176 755 3224 C.
774 3173 829 3226 aot.

176 3301 227 3360 lus
247 3310 416 3380 patronatus
432 3299 568 3362 ccclesiae
589 3299 621 3360 Β.
643 3298 749 3359 Mariae
768 3317 865 3360 sacrae
882 3296 1029 3379 spectabat
1050 3295 1085 3358 ad
1106 3297 1162 3359 loci

135 3399 288 3461 dominum
307 3419 341 3460 ex
356 3398 464 3460 lamilia
487 3399 523 3460 de
537 3403 692 3470 Cotereau,
712 3398 822 3460 decima
837 3409 933 3459 autem
952 3397 986 3458 ad
1008 3392 1164 3480 pastorem,

178 3503 210 3560 lu
224 3500 278 3561 boc
293 3520 366 3582 pago
381 3499 542 3583 antiquitus
557 3499 650 3581 viguit
663 3499 810 3561 veneratio
824 3497 1013 3560 miraculosae
1028 3497 1164 3579 imaginis

136 3606 170 3664 D.
188 3601 330 3683 Virginis,
349 3601 417 3664 licet
435 3621 497 3662 carn
511 3605 558 3678 (ut
577 3613 659 3663 notat
680 3605 717 3662 Le
738 3603 813 3682 Roy)
833 3599 1012 3683 praeterierit
1032 3598 1164 3659 curiosus

136 3701 292 3782 indagator
314 3701 409 3764 cultus
427 3701 548 3762 Mariani
570 3700 939 3783 Augustinuswicbmaus
960 3700 989 3760 in
1012 3699 1164 3762 brabantia

136 3821 190 3864 sua
205 3802 342 3864 Mariana.

175 3983 182 4011 ²
200 3983 257 4035 vioe
269 3999 385 4050 ςυρψ,
400 3985 460 4051 aar,
473 3986 572 4036 nunt.
640 3957 643 3964 ’
