2978 4916
354 604 480 666 Antelios
497 605 533 667 de
549 604 657 678 Solms,
673 605 770 668 uxoris
790 605 935 670 Fredetioi
957 605 1074 669 44444444
1092 607 1221 671 Nassotii
1244 606 1376 690 principis

354 706 486 776 4444444444.
506 706 581 768 unde
598 719 694 788 postea
709 708 785 769 444444
800 728 896 788 rogem
912 707 1064 770 Botossiao
1080 719 1108 770 et
1124 709 1263 770 familiam
1279 711 1377 770 Nasso·

261 841 263 846 ,
353 806 466 868 viorum
487 821 549 868 otta
571 821 614 870 est
628 808 792 880 contentio.
807 829 880 892 quae
897 828 943 870 444.
960 812 1038 872 llos
1052 808 1081 871 in
1096 807 1176 870 444444
1194 807 1299 870 feudali
1316 811 1377 868 644·

354 907 468 970 44444444
482 910 577 988 4444444
591 924 635 974 ost
650 931 702 993 pro
717 931 784 991 rogo
800 911 959 973 Boiussiae.

393 1013 477 1072 Juxta
490 1010 667 1072 fundationis
681 1010 809 1092 diploma
823 1010 955 1079 cononici
969 1009 1114 1091 eligebant
1125 1008 1282 1082 decanum,
1296 1010 1338 1072 uti
1352 1019 1378 1072 ot

355 1111 558 1174 scholasticum
580 1134 613 1174 44
625 1125 790 1176 4444444444.
805 1111 928 1193 Capituli
945 1110 1074 1193 sigillum
1089 1110 1205 1172 exhibet
1216 1112 1251 1186 Ι8.
1265 1113 1376 1173 Petrum

355 1212 541 1295 clavigerum.

492 1446 507 1479 x
722 1433 816 1496 Series
837 1433 1019 1496 decanorum.

397 1638 417 1696 l.
440 1638 536 1710 Quum
552 1634 712 1717 erigeretur
721 1635 895 1719 capitulum,
911 1647 1082 1719 personatus
1096 1633 1233 1697 acclesiae
1246 1637 1275 1696 S.
1291 1633 1376 1704 Petri,

358 1737 441 1819 cujus
456 1757 602 1820 possessor
618 1749 679 1798 erat
692 1741 804 1798 Franco
818 1737 993 1810 Marisoaloi,
1013 1756 1183 1818 suppressus
1198 1749 1227 1797 ot
1241 1737 1377 1796 extinctus

360 1838 431 1912 luit,
447 1851 476 1900 et
491 1840 616 1901 Joomtet
627 1841 717 1902 Pauli
722 1888 728 1908 ,
743 1840 925 1902 decretorum
941 1838 1143 1902 baccalaureus
1158 1852 1187 1900 et
1201 1839 1279 1900 illius
1292 1837 1377 1898 eoele-

356 1940 415 2002 siao
427 1939 580 2024 plebanus,
594 1942 704 2021 polmus
715 1939 840 2003 decanus
852 1941 1028 2003 constitutus
1039 1952 1091 2002 ost.
1104 1939 1185 2002 Obiit
1195 1955 1242 2000 444.
1257 1942 1339 2001 4467.

395 2044 428 2102 ll.
448 2041 575 2102 14444444
588 2041 734 2119 Sproloelo,
749 2040 823 2102 obiit
838 2061 884 2102 an.
901 2043 986 2102 llll.
1054 2046 1058 2052 '

398 2144 442 2202 lll.
466 2142 613 2205 Gisbertus
620 2143 787 2214 4444444444,
795 2141 926 2204 officialis
936 2141 1062 2224 episcopi
1074 2141 1299 2211 Cameracensis,
1310 2139 1376 2201 obiit

357 2261 404 2304 444.
423 2245 509 2306 4466.

398 2347 442 2405 lV.
467 2346 619 2406 Gerartloa
631 2347 790 2422 1444444444),
799 2343 981 2406 decretorum
993 2342 1210 2416 baccalautoos,
1223 2364 1255 2404 ox
1267 2353 1377 2403 cantora

357 2460 385 2508 et
400 2445 522 2529 plebano
533 2447 642 2509 electus
653 2447 793 2519 decanus,
805 2446 878 2508 obiit
888 2451 927 2509 90
935 2446 1012 2528 junii
1024 2449 1111 2508 4485.
1123 2445 1203 2508 lilius
1214 2467 1281 2506 44444
1292 2464 1377 2505 novos

357 2548 493 2610 ecclesiae
507 2549 627 2620 chorus,
642 2547 752 2609 ambitu
765 2560 793 2610 44
808 2547 947 2610 altaribus
957 2547 1164 2620 circumdatus,
1181 2546 1285 2608 exstrui
1300 2565 1377 2626 ooep·

360 2663 405 2712 tus
420 2661 463 2712 est
477 2670 522 2711 444.
537 2653 624 2713 4484.
809 2651 810 2654 ’

399 2757 431 2816 V.
454 2756 567 2817 Paulus
582 2755 730 2824 Moaooitt,
750 2775 783 2818 et
799 2753 938 2816 canonico
958 2751 1168 2824 444444444444444,
1185 2752 1320 2833 plebanos
1333 2771 1375 2812 an.

362 2859 452 2927 4489,
465 2855 590 2918 decanus
604 2855 713 2918 electus
723 2868 766 2917 est
779 2876 825 2917 444.
842 2857 929 2918 4485.
944 2853 1025 2918 Obiit
1040 2859 1078 2916 45
1093 2845 1229 2915 4444444444
1247 2857 1329 2914 4494.

401 2958 444 3017 Vl.
467 2958 610 3018 Heoriooa
623 2957 752 3035 Sopeelo
766 2956 1005 3026 Τ44444444444444444,
1023 2954 1095 3016 obiit
1112 2954 1208 3037 5julii
1230 2959 1311 3018 4545.

400 3061 457 3119 Vll.
480 3059 625 3120 oliverius
638 3061 775 3130 Liberaui,
790 3078 840 3120 seu
857 3059 997 3127 Libertate,
1012 3056 1138 3118 decanus
1152 3055 1187 3118 ab
1198 3075 1245 3116 444.
1261 3059 1335 3118 tolo
1346 3053 1377 3114 ad

359 3179 405 3222 ao.
422 3162 512 3232 4556,
528 3179 584 3240 quo
599 3159 770 3221 decanatum
782 3159 948 3241 resignavit.
960 3157 1041 3220 Obiit
1055 3161 1094 3219 98
1105 3155 1204 3239 aprilis
1218 3160 1304 3218 4567.

288 3314 294 3326 ,
399 3261 470 3321 Vlll.
492 3262 667 3322 Laurentius
690 3263 848 3332 5444444444,
874 3259 908 3321 444
928 3280 975 3321 an.
996 3261 1074 3322 4556
1095 3259 1130 3319 44
1150 3278 1196 3319 an.
1217 3260 1306 3328 4559,
1328 3275 1377 3340 qno

361 3362 505 3423 extinctus
516 3372 568 3422 est.

401 3466 444 3523 lll.
469 3464 635 3524 Lombortos
648 3463 803 3547 Comatam,
815 3460 851 3522 ob
862 3481 907 3522 an.
923 3464 1000 3524 4559
1011 3460 1046 3522 od
1058 3481 1105 3522 an.
1117 3463 1212 3530 4585,
1224 3480 1281 3540 quo
1291 3458 1380 3521 444444

361 3561 454 3638 desiit.
467 3567 497 3624 ln
506 3562 617 3644 juniori
628 3576 721 3624 444444
732 3562 922 3641 Rontaoogit,
934 3561 1088 3624 cardinalis
1100 3560 1282 3623 Enokovottii
1295 3581 1379 3622 seore-

363 3662 465 3734 tarius,
480 3681 496 3722 a
517 3683 575 3745 quo
593 3683 608 3724 4
624 3661 814 3744 suppellectili
833 3662 952 3722 Adriani
971 3665 1005 3723 Vl
1020 3661 1165 3742 pontilicis
1185 3663 1262 3723 dono
1279 3659 1381 3742 aooopit

362 3784 490 3846 pannum
516 3763 636 3825 4444444444
660 3763 869 3836 holosericum,
899 3783 984 3850 quom
1014 3762 1182 3844 collegiatae
1205 3764 1379 3824 ’4444444444-

364 3885 416 3926 nae
436 3864 523 3924 dedit.
544 3867 584 3925 Ex
607 3864 685 3925 ltalia
711 3864 838 3934 rediens,
861 3863 986 3925 Basileae
1005 3863 1080 3944 apud
1108 3866 1258 3926 arasnoon
1284 3862 1377 3927 ltoosit.

363 3966 446 4049 eique
460 3965 495 4027 ab
511 3966 640 4049 epistolis
656 3967 719 4028 luit.
736 3971 886 4028 Erasmunt
902 3984 970 4028 voto
984 3965 1046 4049 ejus
1060 3966 1185 4029 brachiis
1199 3967 1326 4030 innixum
1340 3964 1379 4046 pio
