2990 4918
361 601 444 685 byter
459 601 672 666 blecblinieosis
684 602 826 665 mendacii
838 605 980 685 arguitur.
998 629 1012 660 α
1028 605 1101 680 Quis
1115 603 1284 667 credidisset
1294 625 1325 668 ea
1335 605 1385 684 (iu-

364 727 378 762 n
403 703 465 786 quit
490 703 638 783 Nelisius).
664 725 737 788 quae
758 704 792 767 de
815 705 1062 789 archipresbytero
1087 705 1288 770 blecbliniensi
1311 706 1388 768 nobis

363 827 378 861 n
403 816 568 879 narrantur,
582 825 719 888 umquam
730 826 795 868 vera
807 826 868 868 esse
883 806 985 889 posse?
997 809 1058 889 Ego
1072 818 1150 869 certe
1161 827 1230 868 non.
1240 810 1401 868 Caeterum>

363 930 379 964 u
403 905 427 968 si
441 906 512 988 quid
526 906 607 970 rivae
616 907 696 970 uocis
706 907 825 970 oraculo
834 906 903 970 buic
914 908 977 971 riro
991 909 1066 982 dixi,
1082 908 1105 970 si
1122 907 1273 970 facultates
1284 908 1390 991 aliquas

363 1031 378 1065 u
403 1027 455 1090 pro
469 1007 565 1070 vicino
585 1008 672 1070 villae
689 1029 757 1072 suae
778 1021 871 1070 tractu
891 1008 1045 1072 Dulielensi
1060 1008 1085 1071 ei
1100 1008 1168 1070 dare
1183 1010 1212 1070 in
1229 1009 1329 1070 auimo
1343 1007 1390 1069 ba·

363 1132 378 1166 n
403 1108 467 1184 bui,
482 1109 559 1193 quod
575 1110 705 1193 prolecto
717 1110 779 1193 jann
798 1110 896 1172 animo
915 1131 979 1172 meo
993 1110 1110 1182 excidit,
1126 1108 1267 1192 quidquid
1286 1108 1316 1170 id
1333 1108 1390 1170 loe·

363 1233 378 1268 a
403 1210 454 1282 rit,
477 1231 527 1294 per
542 1224 705 1295 praesentes
726 1211 866 1274 rescindo.
885 1211 1014 1293 {gnatius
1033 1215 1042 1252 ¹
1064 1210 1135 1272 mibi
1154 1209 1391 1273 accuratissub·

363 1335 378 1370 n
403 1310 519 1375 scribet.
533 1316 631 1396 ltaque
643 1313 667 1375 si
681 1333 759 1376 meas
774 1312 849 1376 forta
866 1334 923 1376 nou
939 1313 1062 1395 accipiat
1077 1315 1100 1387 ²,
1116 1313 1178 1374 viro
1190 1325 1293 1374 uotum
1305 1310 1359 1374 sac.
1374 1335 1387 1369 a

363 1412 448 1476 Hisce
467 1413 560 1477 litoris
578 1415 720 1497 acceptis,
741 1415 913 1478 secretarius
932 1415 1076 1477 Antonius
1101 1415 1214 1477 Oomeu
1239 1413 1275 1474 ab
1300 1413 1392 1476 arcbi·

362 1514 529 1599 presbytero
555 1515 753 1580 blecblinieusi
776 1516 936 1598 quaesivit,
954 1536 1024 1577 nont
1045 1514 1172 1598 episcopi
1194 1515 1292 1577 literas
1313 1537 1391 1578 acce·

363 1615 476 1699 pisset?
490 1616 547 1692 Qui
568 1615 638 1679 durn
663 1630 796 1698 negaret,
821 1638 872 1701 per
893 1617 1079 1702 secretarium
1101 1617 1137 1678 dc
1161 1616 1348 1678 facultatibus
1366 1616 1389 1679 ei

363 1717 506 1800 ademptis
521 1716 686 1781 admonitus
700 1730 802 1790 estuat
817 1717 951 1802 promisit
969 1737 999 1780 so
1018 1715 1298 1800 obtemperaturum.
1317 1720 1390 1780 Con-

364 1818 471 1882 lectum
493 1818 548 1880 boc
562 1819 648 1883 modo
668 1819 817 1901 negotium
832 1819 862 1881 in
879 1839 1013 1900 magnam
1029 1818 1230 1882 verecundiam
1243 1820 1391 1898 juratores

365 1917 494 1980 adduxit.
1478 1989 1479 1992 Ἴ

377 2053 380 2060 ·
405 2023 444 2082 bb
465 2021 589 2100 &urbm
609 2024 723 2084 mensis.
744 2024 776 2082 ln
794 2021 911 2084 civitate
930 2020 1132 2103 butrerpiensi
1150 2031 1179 2082 et
1198 2020 1271 2083 locis
1290 2021 1391 2084 vicinis

364 2120 529 2204 publicatur
548 2123 695 2186 decretum
727 2123 880 2186 Directorii
902 2123 1072 2186 Parisiensis
1094 2122 1131 2184 de
1155 2121 1296 2184 servando
1320 2143 1390 2184 noro
1478 2107 1479 2112 ἵ

365 2223 551 2307 Reipublicae
564 2224 738 2288 calendario.
756 2224 867 2287 Decreti
887 2223 983 2298 istius,
999 2223 1149 2286 catholicis
1164 2223 1319 2304 Belgarum
1332 2223 1391 2284 ani·
1478 2227 1479 2240 ²

364 2324 420 2386 mis
431 2326 521 2396 exosi,
536 2325 748 2388 observantiam
764 2326 886 2407 urgebat
901 2325 1101 2406 magistratus,
1115 2324 1163 2408 qui
1180 2323 1314 2386 homiues
1324 2324 1391 2386 sim-

295 2493 298 2500 *
365 2426 454 2510 plicas
467 2447 519 2510 pro
534 2425 743 2490 consuetudine
757 2447 808 2489 sua
823 2447 932 2490 merces
946 2438 1120 2509 exponentes
1131 2407 1236 2488 *matus
1249 2429 1392 2488 dcccdab'·

363 2531 427 2598 bus,
443 2530 543 2612 poenis
557 2529 715 2610 affligebat,
731 2529 803 2594 alios
817 2549 884 2591 vcro
898 2529 925 2591 vi
941 2527 1131 2611 compellebat
1148 2527 1184 2592 ad
1197 2528 1392 2591 laborandum
1478 2555 1480 2598 n

361 2629 467 2692 diebus
477 2630 632 2694 dominicis
643 2644 671 2695 et
682 2631 794 2694 festivis
809 2630 962 2693 Ecclesiae.
1479 2617 1480 2626 ἵ

405 2734 504 2795 Mense
515 2736 603 2795 moia.
617 2735 777 2817 Suppresso
793 2732 949 2794 seminario
964 2731 1180 2813 butrerpiensi,
1195 2730 1394 2793 allaborarunt
1479 2759 1480 2822 ᾗ

365 2833 465 2895 vicarii
489 2834 636 2916 generales
659 2833 694 2895 ad
715 2832 881 2915 erigendam
904 2831 1013 2895 Rredae
1030 2832 1160 2894 'sobolum
1183 2831 1396 2911 theologicam,
1479 2837 1480 2912 ξ

365 2955 452 3019 quam
472 2935 650 3018 prouinciam
668 2934 785 2998 demum
802 2935 838 2998 ad
857 2946 988 3018 optatum
1008 2933 1094 2996 boern
1111 2933 1231 2996 adduxit
1250 2932 1396 2994 Adrianus

365 3041 491 3113 Oeneo,
504 3050 600 3121 pastor
612 3038 641 3101 in
657 3038 788 3110 Gbierlc,
803 3041 832 3101 S.
846 3040 878 3100 t.
894 3040 937 3108 lx,
951 3036 1000 3118 qui
1016 3036 1046 3096 in
1059 3035 1186 3118 generali
1197 3035 1312 3098 Artium
1326 3055 1396 3117 pro·

366 3140 495 3202 motione
508 3159 556 3200 au.
571 3141 650 3202 1780
663 3139 782 3202 Loranii
799 3139 910 3222 primus
924 3137 1111 3201 renunciatus
1126 3137 1190 3200 luit.

408 3245 446 3304 to
460 3243 550 3320 jonii.
566 3242 644 3301 Nora
658 3241 763 3303 exarsit
777 3239 937 3323 persecutio
952 3241 982 3302 in
1001 3239 1183 3324 presbyteros
1197 3258 1254 3300 nou
1270 3235 1397 3318 juratos.

367 3343 447 3405 Licet
466 3341 653 3422 magistratus
666 3363 732 3404 curu
747 3355 858 3405 armato
875 3341 968 3404 milite
983 3342 1054 3404 tales
1071 3341 1176 3422 ubique
1196 3339 1398 3421 conquireret,

367 3443 464 3506 nullus
481 3455 577 3505 tamen
585 3442 785 3525 jurameutum
797 3442 950 3526 praestitit.
962 3446 1071 3505 Omnes
1085 3462 1152 3504 vcro
1171 3440 1294 3504 latebras
1308 3461 1397 3524 quae·

368 3562 430 3604 rere
451 3543 622 3607 debuerunt.
987 3601 989 3608 .

407 3647 447 3707 50
462 3646 585 3724 duodena
607 3649 721 3708 mmsis.
745 3648 925 3729 Responsum
949 3643 1130 3711 vicariorum
1155 3641 1334 3726 generalium
1361 3642 1397 3706 ad

406 3899 413 3932 ¹
430 3901 531 3952 Parioi.

403 3986 413 4018 ²
426 3985 623 4053 drabipreabyter
632 3984 815 4039 blecbliuieuaia.
