3012 4912
575 483 693 574 (59)

160 620 213 678 Die
226 621 246 680 l
261 624 342 682 maii.
362 620 532 682 Torrentius
546 620 654 700 gratias
667 622 729 702 agit
742 622 845 683 loanni
863 622 994 694 Stridon,
1012 621 1146 705 episcopo

125 717 381 802 lliddelbnrgonsi‚
404 719 481 803 quod
500 721 591 803 ipsius
611 718 777 782 institutum
795 721 830 782 de
845 721 992 783 fundando
1007 720 1056 783 illo
1071 741 1145 783 novo

125 818 271 900 gymnasio
286 818 456 882 bononiensi
472 819 577 883 laudet.
591 821 647 883 Cit.
661 821 724 883 cod.
740 823 797 883 MS.
812 820 882 883 bibl.
897 842 956 903 reg.
972 825 1059 882 Brun.

160 919 263 980 Pridie
274 940 365 981 nonos
379 924 459 982 maii.
473 919 609 1003 Ejusdem
623 921 723 983 literae
738 920 774 983 de
789 921 887 984 eodem
904 921 1021 1004 negotio
1035 920 1070 982 ad
1085 939 1146 981 rcc-

125 1029 213 1078 torcm
232 1030 262 1080 et
281 1019 497 1082 uniuersitatem
517 1021 734 1084 Lonauiensem.
752 1024 785 1083 ln
801 1021 850 1084 cit.
869 1022 932 1084 cod.
948 1024 1006 1084 llS.
1023 1033 1052 1083 et
1069 1019 1144 1103 apud

123 1119 267 1182 Valerium
288 1121 448 1194 Andream,
471 1124 551 1185 Fost,
568 1124 659 1185 Acnd.
687 1125 758 1186 lou.
777 1145 805 1205 p.
825 1126 894 1186 578.
913 1159 952 1170 -
970 1122 1077 1185 Eodem
1098 1121 1145 1182 die

123 1219 219 1283 literae
233 1220 269 1284 ad
283 1222 456 1304 Cuyckium,
472 1244 545 1306 quae
560 1222 698 1305 leguntur
711 1224 740 1285 in
755 1223 805 1285 cit.
817 1223 881 1286 cod.
895 1225 953 1286 MS.

159 1322 237 1384 XIII
256 1326 311 1384 col.
328 1324 441 1403 jonias
467 1327 647 1407 Responsum
670 1324 872 1386 Universitatis
893 1323 928 1385 ad
948 1322 1144 1385 Torrentium.

123 1422 203 1505 Apud
225 1423 289 1486 Vol.
309 1423 469 1497 Andream,
490 1444 536 1507 op.
565 1424 614 1486 cit.
637 1445 664 1506 p.
686 1428 760 1496 579,
783 1423 832 1486 ubi
857 1434 1008 1486 enarratur
1030 1434 1145 1483 contro-

123 1523 225 1595 versia,
246 1544 331 1607 quam
351 1524 529 1587 Universitas
547 1545 613 1586 curn
633 1524 766 1587 Patribus
789 1526 817 1586 S.
833 1528 857 1588 l.
876 1523 992 1596 habuit,
1012 1534 1041 1584 ct
1057 1540 1143 1605 quam

123 1624 251 1686 Clemens
265 1627 326 1686 Vlll
340 1623 455 1687 decreto
472 1626 630 1708 apostolico
645 1626 674 1687 in
695 1625 820 1686 fauorem
841 1623 1044 1687 Universitatis
1064 1642 1144 1684 com·

121 1725 216 1806 posuit
230 1745 307 1787 anno
323 1729 401 1788 1595
415 1737 445 1787 et
461 1729 548 1788 1596.

158 1827 269 1888 Eodem
285 1845 362 1889 anno
377 1829 471 1895 l59l,
484 1829 529 1887 dt'c
542 1829 582 1889 96
596 1830 726 1906 aequati,
741 1837 847 1887 statuta
864 1825 960 1886 curiae
973 1823 1143 1910 episcppalis

122 1929 205 1987 Antn.
230 1946 282 2007 per
306 1925 490 1988 Torrentium
515 1925 592 1988 edita
615 1937 644 1987 ct
670 1925 825 2008 publicata.
847 1927 906 1987 MS.
931 1922 1145 1993 authenticum,

123 2045 279 2109 numquam
301 2025 377 2108 typis
400 2024 567 2107 vulgatum,
589 2025 716 2088 exstabat
735 2027 766 2088 in
787 2025 962 2087 bibliotheca
980 2022 1146 2106 Gasparoli,

122 2127 252 2189 canonici
273 2131 374 2198 Antv.;
396 2126 525 2209 ejusdem
546 2129 644 2209 copia,
665 2127 695 2188 in
716 2146 772 2210 qua
796 2138 904 2188 statuta
928 2125 977 2187 illa
1001 2124 1145 2207 publicata

123 2228 259 2290 dicuntur
278 2230 318 2290 96
339 2227 469 2308 augusti,
491 2239 558 2309 post
578 2238 700 2289 mortem
721 2226 883 2298 Torrentii,
903 2237 996 2287 exstat
1015 2224 1046 2286 in
1066 2224 1145 2304 regia

122 2328 189 2390 bibl.
204 2332 292 2390 Brux.
305 2327 365 2391 Cir.
381 2330 520 2406 Synodt'ci
533 2339 554 2390 t.
570 2331 580 2388 l
596 2349 623 2411 p.
637 2331 706 2390 456.

158 2429 270 2490 Eodem
289 2442 365 2488 anno
382 2430 427 2488 dic
444 2430 463 2490 5
482 2431 659 2499 novembris,
679 2427 707 2489 in
723 2426 842 2510 epistola
856 2426 892 2489 ad
910 2426 1070 2489 Adrianum
1089 2428 1144 2487 Va·

121 2549 231 2602 meunt,
247 2529 481 2591 archidiaconum
496 2529 728 2601 Gandarensem‚
744 2528 846 2592 scribit
864 2529 1055 2591 Torrentiusz
1071 2553 1085 2585 3
1103 2531 1144 2590 De

122 2655 135 2686 u
159 2633 250 2692 Reum
264 2628 401 2691 cardinali
415 2628 507 2691 Alano
518 2630 572 2690 hoc
584 2650 674 2691 unum
687 2650 720 2691 ex
733 2629 823 2712 ipsius
835 2629 870 2692 ad
883 2651 929 2692 me
939 2629 1031 2692 literis
1042 2627 1142 2700 habeo,

122 2757 133 2786 n
159 2731 335 2814 propendere
349 2751 413 2793 cunr
426 2731 456 2791 in
471 2730 549 2792 illam
561 2730 748 2801 sententiam,
761 2741 794 2792 ut
804 2730 839 2797 ad
852 2750 904 2794 nos
915 2730 1012 2792 veniat
1022 2748 1055 2791 ac
1065 2728 1143 2811 regis
1155 2726 1162 2742 '

122 2857 134 2888 n
159 2831 300 2894 volontati
328 2831 515 2914 obsequatur;
546 2832 669 2895 necdum
697 2844 794 2894 tamen
822 2831 906 2915 plane
934 2831 1143 2902 constitutum,

122 2959 133 2988 r
160 2935 391 3015 scriptorumque
402 2934 507 2995 iterum
520 2933 557 2994 ad
572 2945 658 2996 meet
670 2933 706 2995 ad
718 2933 939 2996 Serenissimum
951 2932 1142 2995 Archiduccm

123 3059 134 3088 r
159 3034 382 3115 gubernatorem
402 3047 549 3105 nostrum,
566 3047 717 3118 antequam
737 3035 835 3096 itineri
850 3055 880 3096 se
894 3034 1067 3096 committat.
1087 3036 1145 3094 Re·

4 3175 5 3180 η
122 3160 134 3190 »
159 3135 261 3218 spondi
283 3135 410 3218 prolixe,
432 3135 577 3218 ipsiusque
598 3136 676 3218 bunc
695 3135 824 3197 animum
849 3135 1032 3207 confirmari,
1058 3145 1143 3216 atquo

120 3263 133 3292 r
158 3257 290 3308 omnem,
306 3235 399 3318 quoad
418 3237 528 3309 vixero,
544 3256 660 3318 operam
680 3235 789 3307 obtuli,
808 3256 865 3319 quo
885 3234 998 3297 facilius
1017 3233 1144 3296 adduca-

120 3363 134 3393 n
157 3350 220 3410 tur,
237 3349 270 3397 ut
285 3336 490 3398 afflictissimae
508 3337 652 3412 Ecclesiae
669 3336 822 3399 collabenti
843 3348 1001 3400 succurrat.
1022 3336 1053 3398 Si
1073 3335 1143 3417 quid

121 3465 133 3495 n
156 3440 282 3522 amplius
296 3438 476 3510 intellexero,
493 3438 594 3501 faciam
610 3452 638 3502 te
651 3440 813 3501 certiorem.
838 3464 852 3496 n

156 3543 197 3602 De
216 3540 301 3601 Alani
320 3560 353 3601 ac
366 3540 510 3602 Torrentii
525 3539 723 3602 nominatione
742 3539 888 3602 adsedem
906 3538 1141 3602 Mechliniensem

120 3642 207 3703 multa
227 3641 376 3723 hucusque
395 3641 472 3703 haud
493 3642 563 3702 satis
580 3654 713 3703 accurata
734 3640 854 3703 averiis
874 3642 983 3724 prolata
1004 3651 1082 3702 sont.
1101 3642 1143 3701 lta

120 3762 183 3803 vero
197 3763 228 3803 se
243 3763 288 3803 res
304 3741 390 3803 habet
405 3765 411 3804 :
428 3745 542 3804 Mortuo
557 3742 708 3804 Hauclrino
722 3763 769 3804 an.
786 3745 878 3816 t589,
897 3764 912 3804 3
928 3742 1061 3826 Philippo
1076 3761 1144 3822 rege

118 3842 283 3924 designatus
304 3854 347 3905 cst
367 3841 522 3905 cardinalis
543 3842 666 3915 Alanus,
689 3854 760 3906 tunc
782 3845 891 3905 Romae
910 3843 1027 3924 degens.
1049 3845 1142 3923 Aegre

119 3942 190 4007 hanc
213 3944 441 4007 nominationem
464 3943 604 4026 suscepit,
626 3944 711 4028 idque
726 3944 838 4008 efficere
851 3945 977 4017 studuit,
999 3955 1031 4007 ut
1053 3942 1146 4025 ipsius
