3034 4908
797 439 947 538 (aaa)

357 581 496 644 successit
509 580 629 645 11111111
643 579 758 644 saeculo
771 582 858 644 xvlu
872 599 888 642 a
907 572 1057 642 catholicis
1071 577 1187 644 condita
1208 593 1238 641 et
1255 579 1286 642 in
1302 599 1386 662 paro·

357 681 452 744 chiam
468 693 574 746 erecta.
602 695 604 700 ’

707 844 747 895 hi.
764 845 921 908 horrerem.
934 843 964 893 'L.
982 843 1040 892 300.

397 979 473 1042 Cura
493 975 645 1060 pastoralis
661 975 798 1040 cocledae
812 979 844 1039 B.
859 975 966 1038 Mariae
979 973 1109 1054 Virginis
1124 973 1308 1058 incorporata
1326 986 1387 1036 erat

356 1077 533 1142 monasterio
547 1077 790 1144 Guiliolmitarum
804 1077 910 1160 dequo
925 1076 1036 1140 dictum
1050 1085 1096 1139 est
1108 1095 1208 1160 supra,
1224 1096 1251 1159 p.
1266 1077 1337 1138 226.

736 1261 777 1313 11.
794 1262 956 1312 Nruoonsruo.
974 1261 1001 1310 b.

399 1407 549 1492 appendix
561 1407 632 1471 olim
647 1407 713 1491 pagi
728 1407 764 1470 de
777 1407 890 1482 Gastel,
904 1426 991 1489 supra
1005 1425 1087 1468 num.
1103 1408 1150 1468 tt.

728 1609 769 1660 25.
787 1607 970 1660 Nreurosunna,
989 1605 1016 1662 b.

400 1739 550 1823 appendix
564 1739 709 1821 quondam
730 1738 882 1820 parochiae
899 1737 935 1800 de
950 1737 1099 1800 Halstercn
1115 1741 1213 1820 (supra
1227 1757 1309 1800 num.
1328 1740 1388 1815 tu),

360 1839 441 1902 locus
456 1853 517 1904 erat
531 1839 635 1902 dubiae
655 1840 736 1924 quasi
747 1837 976 1922 jurisdictionis,
996 1838 1066 1901 olim
1081 1839 1159 1902 enim
1174 1838 1230 1902 suit
1244 1838 1299 1902 sub
1313 1839 1389 1922 epis-

358 1952 463 2026 copatu
484 1941 703 2025 antverpiensi,
724 1940 829 2005 deinde
848 1942 934 2004 cessit
950 1940 1081 2005 Missioni
1099 1943 1221 2005 flaturae
1240 1961 1275 2004 ao
1288 1961 1389 2006 rocen-

358 2043 428 2108 tiori
441 2055 572 2128 temporo
585 2043 617 2107 in
634 2043 800 2127 parochiam
814 2055 937 2106 erectus.

775 2223 815 2278 hd.
832 2225 932 2278 Nrsrcn.
949 2226 975 2276 b.

399 2356 570 2440 Antiquitas
583 2357 701 2436 Nioipo,
720 2375 812 2440 pagus
829 2355 944 2439 amplus
954 2355 1009 2418 snb
1022 2355 1163 2418 baronatu
1176 2355 1308 2419 Bisdina
1323 2377 1390 2420 cum

358 2456 478 2521 ecclesia
493 2457 649 2540 parochiali
665 2478 738 2540 quae
752 2458 910 2520 muitarum
925 2457 1047 2520 aliarum
1059 2457 1164 2521 matrix
1175 2458 1238 2520 tuit.
1248 2460 1312 2520 Jarn
1323 2473 1391 2522 autc

358 2577 468 2621 annum
490 2561 568 2624 1568
586 2558 696 2622 solebat
716 2558 805 2621 abbas
825 2559 1046 2642 Tougcrloeosis
1060 2559 1133 2622 duos
1145 2571 1195 2622 aut
1208 2569 1267 2622 tres
1281 2581 1317 2623 cx
1330 2561 1391 2622 suis

359 2661 508 2724 canonicis
525 2660 696 2724 submittere
715 2660 747 2724 in
768 2660 930 2724 subsidium
951 2681 1038 2724 curae
1056 2661 1208 2744 pastoralis
1222 2661 1311 2746 idque
1327 2663 1392 2724 sinc

358 2762 590 2845 praesentatione
602 2774 654 2825 aut
667 2781 810 2825 consensu
824 2761 1019 2826 archidiaconi
1035 2763 1214 2836 Leodicnsis,
1230 2774 1264 2826 nt
1285 2783 1392 2846 snpra,

359 2883 388 2946 p.
400 2867 473 2938 191,
491 2864 603 2927 dictum
614 2876 666 2928 est.
682 2866 759 2928 idern
775 2865 947 2927 coenobium
963 2884 1041 2942 anno
1056 2869 1135 2928 1157
1149 2863 1304 2949 acquisivit
1316 2867 1392 2928 duos

357 2977 456 3044 portes
470 2969 653 3029 'decimarum
673 2971 704 3029 in
724 2969 832 3046 Nisipo
849 2978 874 3029 et
895 2967 1051 3030 Sundcrdo
1071 2988 1135 3030 cum
1153 2969 1292 3030 conductu
1310 2969 1392 3030 cocio·

358 3071 485 3139 siorum,
501 3079 529 3128 ct
549 3088 626 3130 anno
646 3071 725 3132 didi)
745 3067 782 3132 ab
805 3067 935 3131 Arnoldo
956 3069 991 3132 de
1011 3070 1152 3142 bomaio,
1168 3071 1327 3150 Bergarum
1342 3068 1392 3130 do·

358 3168 454 3241 mino,
473 3170 584 3253 accepit
603 3172 781 3234 collationem
794 3175 972 3235 decimarum
989 3174 1140 3234 novalium
1153 3175 1185 3234 in
1194 3174 1344 3251 parochio
1357 3174 1391 3233 ue

358 3270 469 3349 Niapcta
483 3274 506 3334 ¹.
932 3329 935 3334 .

398 3372 527 3436 Ecclesia
552 3377 584 3438 B.
602 3374 709 3440 Mariae
725 3377 839 3459 Virgini
860 3397 940 3442 saura
960 3389 1033 3442 erat.
1056 3375 1130 3440 Vide
1151 3395 1238 3460 snpra
1263 3375 1390 3440 ussum

358 3476 504 3538 numdi.
1131 3501 1133 3504 ·

736 3621 776 3672 95.
794 3621 977 3674 ossannascnr.
994 3625 1019 3674 L.

399 3750 495 3834 Pagus
508 3749 544 3813 ad
565 3749 695 3818 dextram
713 3752 863 3818 orientalis
877 3753 1010 3820 Scbaldie
1022 3754 1117 3838 ripam
1130 3754 1216 3830 situs,
1231 3753 1278 3836 cuj
1283 3773 1316 3818 us
1330 3774 1387 3818 mc·

389 3970 398 4002 ¹
415 3973 448 4024 be
459 3973 523 4040 hey,
535 3987 574 4038 op.
584 3971 624 4026 eit.
637 3989 660 4038 p.
673 3973 729 4024 475.
