2978 4916
804 417 986 561 (auor

361 607 440 666 1501
450 604 479 666 iu
495 605 634 666 bonorem
648 607 697 667 SS.
709 606 860 668 Trinitatis
873 617 902 666 ot
915 607 944 668 S.
956 607 1128 668 Cathariuae
1141 620 1307 668 consecrata
1323 609 1388 669 luit.

399 709 477 766 lnter
487 707 642 768 continuos
655 707 760 768 saeculi
779 709 841 769 lllll
859 707 1002 768 tumultus
1022 707 1174 788 religiosae
1194 709 1229 770 ad
1249 709 1387 790 exiguum
1479 719 1481 774 ζ

358 823 510 866 numerum
526 805 641 866 fuerant
655 806 802 878 redactam
816 825 895 869 anno
909 807 1006 888 itaque
1022 810 1115 902 1617,
1129 807 1248 870 reducta
1259 809 1296 870 ad
1312 811 1389 892 regis

357 906 551 969 obedientiam
567 907 671 980 Breda‚
691 927 782 970 novae
796 907 936 970 moniales
956 927 990 968 ex
1009 907 1148 970 coenobio
1167 909 1387 972 llereudaliensi

356 1007 391 1068 ad
405 1007 589 1090 disciplinam
603 1009 809 1071 restituendam
823 1008 1011 1070 advenerunt.
1026 1012 1133 1071 Verum
1148 1029 1194 1070 an.
1211 1013 1389 1072 167706111-
1480 1071 1481 1076 ,

357 1121 421 1189 pata
439 1129 539 1172 rursus
553 1109 624 1171 urbe
638 1129 654 1171 a
668 1096 796 1181 Batavis,
813 1121 984 1192 receperunt
998 1131 1028 1171 se
1042 1110 1072 1171 in
1087 1110 1216 1172 vicinum
1227 1130 1338 1192 pagum
1354 1112 1388 1172 de
1480 1113 1481 1148 Τ

354 1209 540 1272 Oostcrbout.
554 1209 727 1293 Subjaeobat
741 1211 811 1272 baec
824 1209 1024 1292 praepositura
1039 1209 1135 1272 abbati
1154 1211 1292 1272 Parcensi
1303 1213 1387 1294 juxta
1480 1209 1481 1212 ’

358 1311 527 1373 Lovauium.

396 1415 424 1473 2.
446 1412 679 1474 llereudalieusis
693 1412 906 1494 praepositura,
916 1411 1005 1494 vulgo
1020 1413 1098 1474 dicta
1113 1414 1224 1475 Hortus
1236 1418 1388 1476 conclusus

356 1514 393 1574 B.
407 1513 542 1585 Mariae,
557 1533 609 1596 pro
623 1512 787 1594 virginibus
800 1511 984 1574 Norbertinis
997 1513 1118 1574 fundata
1132 1526 1176 1576 est
1190 1534 1237 1574 an.
1255 1517 1331 1576 1111
1351 1514 1386 1576 ab

349 1608 484 1676 ¹Arnoldo
508 1615 543 1677 do
566 1614 756 1697 Crayeuhcm‚
782 1614 902 1676 domino
926 1613 962 1675 dc
990 1613 1237 1686 Grobbendouelx,
1265 1615 1387 1700 ejusque

356 1715 480 1798 conjuge
498 1718 608 1778 Joanua
625 1713 661 1776 de
677 1715 823 1797 Steyvoirt
837 1719 858 1775 ¹.
880 1717 1032 1797 Perperam
1051 1715 1140 1797 aliqui
1160 1727 1313 1788 asserunt,
1340 1737 1386 1778 eas

356 1815 444 1876 luisse
468 1828 580 1876 secutas
605 1814 735 1895 regulam
758 1817 788 1877 S.
814 1815 985 1896 Augustini,
1009 1814 1209 1899 subjectasque
1228 1815 1385 1878 directioni

355 1915 562 1977 canonicorum
580 1915 757 1996 regularium
775 1915 810 1978 de
825 1915 1043 1988 Corseudonclx3
1057 1915 1093 1977 ab
1107 1915 1170 1998 ipso
1184 1917 1263 1977 enixu
1280 1915 1386 1978 lunda-

354 2016 450 2079 tionis·
461 2017 546 2078 initio
563 2016 731 2084 institutum
750 2020 1036 2080 Praemonstratense
1057 2017 1145 2079 simul
1164 2038 1231 2078 oum
1249 2017 1385 2080 clausura

354 2128 492 2200 perpetua
514 2116 660 2200 amplexae
680 2130 763 2188 sunt,
786 2129 815 2179 et
839 2116 985 2199 subjectae
1003 2117 1099 2179 abbati
1120 2117 1332 2199 longerloensi
1353 2139 1386 2180 ao

352 2222 442 2304 priori
463 2219 720 2284 carthusianorum
746 2220 775 2282 in
796 2220 927 2282 Zeelbem
950 2241 1037 2302 prope
1058 2219 1268 2282 Diesthemium
1293 2223 1317 2280 ².
1341 2220 1384 2282 Ad
1480 2215 1481 2278 j

352 2342 456 2383 novam
471 2321 546 2383 banc
564 2321 792 2403 praeposituram
810 2333 952 2404 venerunt
968 2321 1107 2384 moniales
1127 2332 1252 2402 quatuor
1272 2342 1306 2382 ex
1324 2343 1386 2383 mo·
1480 2315 1481 2350 ³

352 2422 479 2483 nasterio
495 2421 582 2483 Vallis
596 2421 735 2483 Liliorum
757 2435 828 2483 tuno
842 2422 936 2484 adhue
952 2424 1093 2484 existente
1107 2423 1136 2482 in
1152 2442 1227 2504 pago
1241 2421 1279 2484 de
1294 2425 1385 2484 llom·

352 2522 440 2585 beeck
460 2543 550 2605 prope
567 2522 764 2595 Mechliniam,
777 2523 871 2605 iisque
889 2545 953 2584 mox
973 2523 1126 2605 adjunctae
1142 2523 1263 2584 fuerunt
1277 2543 1384 2586 novem

352 2622 480 2704 virgines
493 2623 653 2684 saeculares
669 2636 698 2684 et
710 2622 784 2685 duae
804 2643 967 2685 conversae.
1286 2615 1297 2642 ⁸

391 2723 517 2786 Abbates
530 2723 757 2806 Tongerloenses
776 2725 863 2804 hujus
883 2724 1052 2787 monasterii
1064 2717 1266 2785 benefactores
1288 2727 1383 2786 muni·

351 2825 398 2886 fici
416 2825 602 2896 exstiterunt,
621 2824 778 2906 exquibus
796 2829 921 2888 loannes
942 2824 977 2885 de
996 2823 1203 2904 Wosterhoven
1226 2823 1381 2886 ecelesiam

351 2927 460 2988 exstrui
475 2925 554 2998 lecit,
570 2946 643 3009 quac
657 2926 704 2987 die
724 2929 763 2988 15
775 2925 844 2986 maii
861 2928 940 2987 1510
959 2924 988 2984 in
1004 2923 1144 2985 bonorem
1160 2923 1302 3006 Deiparae
1319 2925 1382 2985 Vir-

349 3029 427 3110 ginis
440 3048 456 3088 a
471 3027 669 3090 cameracensi
684 3026 864 3108 suffraganeo
879 3025 1009 3087 dedicata
1022 3024 1087 3085 suit.

388 3129 563 3211 superstites
573 3127 725 3198 moniales,
741 3139 805 3208 post
815 3126 1048 3209 suppressionem
1059 3125 1128 3187 anui
1141 3129 1228 3197 rtet,
1241 3126 1273 3187 in
1288 3146 1381 3187 unum

346 3243 539 3313 congregatae
551 3243 621 3292 sunt
641 3230 671 3291 in
691 3242 785 3290 castro
800 3229 837 3291 de
849 3228 1022 3300 Broeehem,
1036 3227 1202 3308 ibidemque
1217 3228 1313 3310 quoad
1331 3249 1382 3311 per

346 3345 468 3395 aetatem
483 3331 566 3393 licuit
579 3329 911 3393 Praemonstratensium
933 3328 1062 3409 regulam
1078 3327 1271 3389 observarunt
1287 3349 1381 3410 usque

348 3433 383 3496 ad
403 3453 513 3494 annum
537 3432 834 3513 circiter1856(quo
852 3429 955 3490 ultima
976 3448 1074 3489 earum
1096 3427 1184 3506 obiit)
1202 3427 1257 3488 sub
1276 3447 1380 3490 earum

347 3534 511 3618 praeposito
525 3532 674 3596 Leouardo
687 3536 824 3614 luveyns,
837 3530 976 3593 canonico
990 3528 1210 3610 Tongerlocnsi,
1226 3529 1278 3610 qui
1295 3549 1379 3611 prae-

346 3637 506 3718 posituram
521 3633 610 3715 gessit
623 3633 659 3693 ab
674 3652 750 3694 anno
765 3635 853 3694 atat.

382 3873 390 3901 ¹
408 3876 491 3924 Exstat
500 3872 646 3924 laudationis
657 3871 763 3938 diploma
774 3872 838 3936 apud
849 3870 978 3936 Musaeum,
990 3877 1048 3920 tom.
1058 3869 1093 3936 tl,
1103 3885 1126 3933 p.
1141 3869 1211 3918 1551.

378 3964 389 3994 ¹
406 3961 560 4028 Wicbmans,
573 3977 612 4026 op.
624 3960 663 4011 cit.
673 3974 697 4024 p.
710 3961 770 4012 778.
