3034 4908
563 465 711 560 (aaa)

475 645 515 694 ll.
533 646 668 694 litoream«.
687 646 711 693 L.
730 630 802 693 1600.

162 773 194 830 ln
213 769 371 852 diplomate
386 769 515 851 aleydis,
535 768 706 831 Brabaotiac
720 769 866 842 ducissae,
884 791 930 830 an.
951 772 1027 831 tato
1044 769 1151 851 legitur

121 868 303 930 Felicitatem
318 869 465 931 dominam
481 869 516 931 de
527 869 667 931 Hobolten
682 867 800 953 ejusque
811 869 903 932 silium
916 870 1086 941 lleorimm,
1101 871 1149 953 qui

121 977 237 1034 tertiam
247 985 362 1052 portem
376 975 463 1033 villae
474 975 508 1032 de
517 973 640 1035 Eeeltere
654 972 790 1035 tenebant
801 973 831 1034 in
844 971 975 1044 feudum,
985 975 1037 1052 jn'e
1048 985 1151 1051 potro-

120 1084 208 1135 natns
222 1075 350 1134 ecclesiae
364 1076 455 1134 dictae
468 1075 569 1146 villae,
583 1076 659 1153 quod
671 1076 784 1153 quidem
799 1078 838 1136 ed
851 1095 896 1135 eoe
908 1081 939 1136 in
952 1078 1076 1136 solidam
1083 1081 1151 1154 pier·

120 1177 242 1242 tinebot,
262 1179 411 1235 concentui
433 1175 658 1236 Vallis-Dacicae
672 1175 830 1237 contulisse
844 1179 866 1236 ¹.
886 1175 1090 1238 altercantem
1107 1175 1151 1236 di-

121 1275 252 1358 plomate
266 1275 335 1336 anni
352 1279 431 1338 icoo
444 1275 560 1359 Aleydis
573 1276 650 1338 dicta
664 1275 698 1337 de
713 1279 857 1360 Perweys,
873 1275 990 1338 domina
1004 1278 1039 1339 de
1055 1278 1151 1339 llobo-

120 1377 193 1449 ken,
204 1375 330 1437 declarat
344 1389 467 1437 matrem
478 1395 560 1438 suam
572 1376 749 1438 Felicitatem
765 1375 858 1438 eidem
873 1377 1028 1438 conventui
1040 1376 1152 1438 dedisse

119 1481 247 1540 marnas
258 1479 407 1538 novalium
416 1479 612 1557 querendam
622 1495 744 1539 suarum
754 1489 902 1541 terrorum
914 1481 1017 1539 scilieet
1026 1483 1058 1538 in
1065 1481 1152 1558 popio

120 1584 156 1641 de
170 1580 314 1641 Eeeleren
324 1581 487 1642 leodiensis
499 1590 526 1640 et
538 1580 651 1641 Hobollc
664 1580 879 1642 Cameracensis
892 1583 1024 1640 dioecesis
1037 1581 1060 1639 2.
1076 1580 1151 1642 Con-

120 1693 181 1741 stat
199 1680 296 1761 itaque
313 1677 390 1740 hunc
410 1695 531 1760 pagum,
550 1679 717 1741 suburbano
738 1680 913 1761 antverpiae
934 1681 1150 1742 conterminan-

120 1795 198 1852 tem‚
218 1780 371 1842 Leodiensi
391 1780 515 1842 dioecesi
536 1781 623 1842 luisse
644 1778 815 1854 obnoxium
835 1780 1035 1854 crederemur,
1057 1783 1152 1865 inquit

120 1883 252 1964 halley,
270 1902 330 1942 non
347 1893 449 1963 parum
468 1881 634 1943 confirmari
653 1881 866 1965 conjecturam,
887 1901 960 1964 quae
980 1894 1059 1944 tenet
1079 1887 1152 1945 Ant-

119 1981 251 2064 verpiam
274 1979 369 2062 primo
398 1981 486 2044 fuisse
509 1982 668 2065 subjectam
694 1982 830 2044 ecclesiae
857 1982 1021 2054 laodiensi,
1049 1983 1152 2046 deinde

120 2081 344 2164 Ultrajectinae,
365 2094 464 2166 postea
480 2084 692 2156 cameracensi,
707 2083 799 2146 donec
811 2083 958 2166 propriam
972 2083 1089 2144 demum
1104 2105 1151 2146 ca-

120 2184 255 2246 thedram
270 2185 386 2246 meruit.

163 2288 206 2346 De
224 2284 452 2364 Brigittaoarum
471 2283 610 2346 coenobio
625 2285 655 2346 io
672 2283 835 2366 llislragon,
851 2285 905 2347 suh
927 2285 1057 2347 dominio
1081 2279 1151 2346 Eac-

120 2385 253 2456 lorensi,
268 2384 433 2448 dictumest
444 2405 531 2468 supra
546 2407 574 2469 p.
589 2389 658 2448 230.
670 2386 756 2447 atiud
768 2387 887 2468 insuper
901 2387 1071 2449 monialium
1087 2404 1152 2448 coe-

120 2486 245 2549 nobium
265 2486 335 2548 olim
351 2487 407 2548 luit
425 2489 455 2548 in
475 2487 575 2549 eodem
591 2507 680 2570 pago,
696 2489 728 2550 S.
743 2489 871 2550 Adriani
887 2493 919 2548 ln
933 2490 1014 2566 Syon
1028 2488 1138 2549 dietum

120 2590 172 2651 sed
189 2607 247 2650 non
262 2601 376 2652 constat
387 2590 470 2673 cujus
484 2590 595 2652 ordinis
610 2591 697 2651 luerit
710 2603 760 2652 aut
771 2591 886 2672 quando
901 2591 1027 2652 desierit.

55 2713 58 2723 ’
164 2688 310 2752 Ecclesiae
324 2703 464 2771 patronus
483 2704 526 2752 est
540 2693 569 2753 S.
585 2689 765 2752 Lambertus.
784 2693 965 2751 Pastoratum
987 2689 1153 2752 conserebat

121 2793 263 2874 priorissa
276 2793 526 2856 Vallis-Ducissae.

411 2957 451 3006 ta.
468 2957 646 3005 Errare-llorere
664 2969 708 3005 aen
725 2956 818 3004 Horon.
837 2955 861 3003 L.
927 3003 929 3008 ,

164 3078 281 3159 Capella
295 3082 327 3139 B.
344 3080 452 3141 Mariae
465 3079 606 3160 Virginis,
621 3078 675 3140 sub
690 3089 764 3162 pago
779 3077 959 3141 Eecltere'nsi.
974 3078 1154 3161 Capellaoiae

122 3179 250 3242 collator
264 3192 325 3242 erat
345 3201 442 3243 comes
464 3185 712 3262 Hoogstratanus‚
734 3181 769 3242 ad
788 3201 872 3264 quem
894 3178 1041 3262 spectabat
1061 3181 1154 3242 domi-

122 3281 209 3342 nium
224 3280 260 3343 de
274 3279 429 3343 Eeclteren.

437 3424 475 3472 tt.
492 3423 517 3474 'S
535 3426 727 3472 Gaavanwaset.
746 3426 770 3472 C.
788 3424 844 3471 500.

172 3547 277 3610 Wesele
287 3559 453 3609 recensetur
463 3549 540 3609 inter
553 3548 715 3629 antiquiora
730 3546 926 3629 praefecturae
939 3547 1155 3609 Santhoviensis

158 3788 169 3817 ¹
189 3789 271 3836 Exstat
281 3787 388 3852 diploma
400 3788 463 3852 apud
476 3789 508 3837 Le
521 3791 586 3852 Ray,
598 3801 636 3850 op.
651 3785 690 3836 cil.
710 3801 732 3849 p.
746 3787 809 3850 552,
820 3799 850 3833 ex
862 3783 963 3834 archivis
975 3783 1113 3834 monasterii
1125 3785 1154 3833 de

123 3877 285 3938 donaparat,
296 3871 355 3922 alias
364 3871 576 3940 Vallis-Ducissaa,
589 3873 614 3922 ia
627 3887 687 3937 agro
700 3869 853 3921 Bruxellensi.

157 3960 169 3990 ¹
188 3956 245 4008 ibid.
257 3972 280 4021 p.
293 3959 349 4006 355.
