2978 4916
560 504 710 602 (aaa)

546 965 667 1010 caua!
685 965 726 1010 ΙΙ.

455 1165 487 1205 DE
501 1164 630 1206 accensus
644 1164 818 1207 contactam.

609 1305 659 1318 Q

604 1525 626 1598 ς.
647 1523 669 1584 1.

393 1705 556 1782 Capitulum
569 1703 602 1763 S.
617 1702 774 1765 (lammari
787 1703 893 1800 Lyrae.

163 1879 280 1958 lnsigae
298 1893 327 1940 et
342 1880 544 1962 perantiquum
566 1878 725 1961 capitulum
742 1882 886 1962 Lyranurn
905 1877 990 1939 initia
1005 1897 1055 1940 sua
1071 1875 1157 1939 debet

123 1979 251 2042 oraturio
262 1979 441 2044 inhonorem
451 1983 501 2043 SS.
511 1981 588 2042 Petri
597 1995 626 2042 et
636 1980 715 2041 Pauli
724 1981 799 2042 intra
811 1981 919 2042 Nethae
927 1979 1067 2042 ambitura
1076 2000 1157 2042 eons-

124 2091 220 2142 truoto
230 2101 246 2142 a
258 2082 286 2142 S.
297 2083 464 2152 Goumara,
473 2102 558 2163 quern
570 2083 652 2143 aiunt
665 2081 753 2143 luisse
762 2095 855 2143 terrae
865 2080 1157 2164 Ryensisdynastam.

124 2201 199 2244 auno
215 2185 276 2243 'lll
290 2182 348 2243 vita
361 2183 493 2244 lrrnotunr
507 2185 528 2242 ¹.
544 2182 742 2263 Quadraginta
757 2183 841 2244 aunis
857 2195 920 2264 post
935 2182 1026 2265 ipsius
1034 2181 1157 2252 obitum,

124 2304 200 2345 anno
208 2283 319 2345 seilicet
327 2289 345 2346 8
353 2291 359 2344 l
367 2287 394 2356 5,
404 2304 484 2346 saera
495 2283 551 2344 riri
560 2305 622 2346 ossa
631 2305 665 2345 ex
674 2283 851 2354 Bethlehem,
859 2305 916 2366 qua
928 2296 1054 2346 castrum
1066 2283 1157 2364 ipsius

123 2384 211 2446 sitnm
228 2396 302 2455 erat,
318 2383 456 2461 translata
471 2385 590 2446 suntad
605 2383 678 2446 illud
697 2385 746 2446 SS.
766 2385 843 2448 Petri
859 2398 887 2445 et
902 2383 983 2446 Pauli
998 2383 1157 2444 oratorium

123 2496 323 2546 constructum
339 2484 368 2545 in
381 2485 448 2546 loco
463 2487 538 2546 Ledo
550 2484 592 2546 vel
605 2487 676 2547 Ledr'
687 2497 855 2568 nuncupato
868 2488 894 2556 ἢ,
910 2485 959 2568 qui
975 2485 1113 2568 paulatim
1124 2485 1154 2546 ia

123 2586 263 2668 oppidum
277 2586 402 2647 exerevit
413 2599 443 2648 et
453 2587 535 2664 Lyra
548 2585 660 2654 dictura
676 2599 728 2647 est.

164 2689 262 2761 Quum
289 2707 394 2767 magna
422 2687 551 2770 undique
576 2687 675 2770 populi
703 2685 860 2748 multitudo
887 2685 923 2746 ad
952 2686 1153 2749 honorandum

122 2789 151 2850 S.
166 2787 316 2850 Gummari
333 2788 477 2850 tumulum
493 2801 693 2859 concurreret,
707 2809 723 2850 e
737 2787 855 2868 regione
867 2787 986 2850 oratorii
1003 2800 1097 2850 erecta
1111 2799 1155 2849 est

122 2888 256 2961 ecelesia,
275 2908 347 2970 quae
368 2888 504 2974 dedicata
519 2889 575 2951 luit
600 2889 631 2950 in
654 2889 792 2952 honorem
813 2891 842 2950 S.
862 2888 982 2950 loannis
1008 2888 1154 2971 Baptistae
1191 2951 1193 2956 ,

124 2989 211 3051 titulo
233 2988 441 3050 decollationis¹
464 2990 606 3072 Antiquae
631 2989 672 3050 illi
699 2989 853 3062 ecclesiae,
884 2990 1021 3075 temporis
1047 2988 1155 3072 injuria

123 3091 259 3162 detritae,
275 3111 348 3151 nova
362 3091 516 3160 successit,
531 3091 665 3174 illiusque
679 3105 837 3165 structura,
853 3111 930 3152 anno
946 3093 1023 3154 tlte
1038 3104 1155 3174 caepta,

123 3193 200 3255 eirca
212 3213 321 3255 annum
335 3197 412 3260 ttae
424 3193 550 3276 perlecta
561 3191 626 3256 luit.
639 3194 681 3254 Ad
693 3193 767 3255 hano
778 3191 943 3264 ecelesiam,
956 3212 1012 3274 qua
1023 3191 1153 3274 Belgium

123 3295 172 3356 rix
183 3292 390 3374 elegantiorem
401 3293 496 3366 habet,
507 3313 604 3355 saurae
614 3291 764 3355 Gunrnrari
776 3292 912 3377 reliquiae
924 3292 1078 3356 translatae
1087 3306 1155 3356 sunt

126 3401 164 3458 ll
182 3395 279 3457 martii
296 3399 383 3458 1475.

167 3500 198 3558 la
213 3517 245 3558 aa
262 3508 323 3558 erat
337 3495 543 3559 canonicorum
562 3493 736 3579 capitulum,
758 3495 834 3578 quod
849 3495 879 3557 in
894 3494 1039 3558 veteribus
1053 3515 1157 3556 monu-

162 3738 170 3770 ¹
188 3736 239 3788 lid.
252 3737 373 3790 AotuSS.
386 3745 442 3786 tom.
453 3737 481 3801 V,
494 3743 541 3786 oet.
552 3736 614 3802 att,
625 3743 649 3785 et
661 3735 750 3802 Butler,
765 3736 826 3787 Vter
838 3738 881 3787 dee
894 3736 998 3802 Solate,
1008 3750 1085 3786 noua.
1097 3733 1157 3786 e'dit.

126 3826 266 3878 Bruaellet
272 3861 281 3890 ‚
295 3825 418 3890 1846-50,
430 3833 488 3874 tam.
498 3825 526 3887 V,
536 3838 559 3886 p.
568 3823 624 3872 tto.

160 3914 171 3944 ¹
188 3915 336 3964 Memoratur
348 3911 372 3961 in
386 3911 499 3962 divisione
511 3910 580 3976 regni
594 3908 744 3974 imperatoris
759 3908 864 3960 aetherii
878 3924 942 3960 anno
955 3910 1004 3958 870
1022 3906 1157 3960 laetalia.

127 4000 227 4052 Mirari
235 4000 400 4066 oedipum,
410 4007 468 4050 torn.
482 3999 504 4064 l,
517 4013 541 4062 p.
552 3999 591 4048 ll.
