3012 4912
595 539 715 635 (55)

142 675 244 738 Thielt.
259 679 318 739 Cir.
332 680 514 759 iongelinus,
526 681 637 744 Notitiu
647 683 829 741 abbatiarum
847 682 918 742 Orci.
933 682 1004 745 Ciat.
1020 686 1050 743 itt
1066 684 1164 763 Balaio

143 797 172 858 p.
187 781 235 840 75.

185 879 255 941 Post
274 879 417 942 &onium
437 879 549 942 vacavit
567 879 647 941 sedes
667 879 743 942 ultra
767 880 865 941 decem
889 901 994 952 annas,
1011 892 1039 943 ot
1057 883 1168 963 primas

143 978 269 1040 vicarius
287 980 431 1062 generalis
448 979 623 1042 constitutus
641 993 685 1042 est
704 980 846 1061 Rogerius
864 980 899 1043 de
913 982 1020 1054 l'assis,
1034 987 1059 1045 J.
1075 985 1109 1046 U.
1124 987 1168 1055 D„

143 1079 271 1142 decanus
283 1081 352 1142 eccl.
367 1081 442 1143 cath.

185 1184 258 1243 data
281 1181 369 1263 hujus
387 1180 474 1263 primi
494 1180 663 1253 vicariatus,
683 1182 851 1242 continuata
874 1182 947 1243 socie
963 1203 1053 1265 usque
1071 1182 1107 1245 ad
1129 1187 1168 1245 bd

145 1279 214 1341 maii
239 1284 334 1354 1579,
359 1280 474 1363 quando
493 1280 678 1343 ecclesiastici
697 1279 768 1342 urbo
791 1280 866 1362 pulsi
890 1292 973 1353 sunt,
1000 1294 1111 1344 exstant
1138 1283 1168 1344 in

144 1379 273 1442 archivio
285 1380 547 1464 archiepiscopatus
560 1380 782 1442 Mechliniensis.

187 1483 284 1553 tota,
302 1485 464 1559 septembris
483 1486 511 1543 b.
529 1484 723 1542 Decreverunt
741 1479 852 1541 domini
871 1479 907 1540 de
923 1479 1075 1552 vicariatu,
1094 1480 1171 1562 quod

145 1580 221 1644 liber
234 1581 472 1664 desponsaturum
489 1593 517 1643 et
533 1581 785 1644 matrimoniorum
801 1579 945 1643 scribatur
959 1600 975 1641 a
993 1581 1111 1642 custode
1125 1602 1172 1643 ec·

146 1683 314 1754 elesiarum,
326 1682 407 1766 juxta
421 1683 570 1766 antiquam
585 1681 838 1754 consuetudinem,
852 1694 881 1744 et
892 1693 1052 1743 reservetur
1063 1681 1093 1744 in
1108 1682 1171 1745 loco

148 1784 306 1845 ordinario.
321 1786 368 1847 lta
382 1788 505 1865 Reyistr.
520 1787 581 1846 Act.

189 1891 262 1949 Acta
279 1887 435 1949 vicariatus
455 1901 568 1949 cessant
587 1907 603 1948 a
618 1890 657 1947 dl
676 1887 744 1948 maii
771 1888 849 1948 tttb
863 1883 1002 1967 usquead
1023 1885 1170 1964 aaugusrt

149 1991 243 2059 taso,
264 2001 324 2048 tum
344 1987 420 2070 quod
444 1987 571 2049 instituti
598 1986 721 2048 vicarius
739 1985 882 2066 generalis
905 1984 1023 2067 ejusque
1041 1984 1170 2046 officiarii

148 2088 312 2158 exalarent,
337 2102 398 2148 tam
421 2087 497 2170 quod
521 2108 566 2148 res
585 2085 792 2148 catholicorum
819 2084 1172 2155 continuo-turbarentur,

150 2188 368 2251 domInantibus
382 2188 413 2249 in
425 2188 541 2250 civitate
552 2185 715 2248 rebellibus.
731 2189 807 2246 luter
820 2185 872 2246 has
886 2185 986 2246 turbas
999 2185 1172 2267 capitulum,

149 2299 237 2371 prout
247 2288 355 2369 potuit,
366 2287 519 2350 dioecesim
533 2285 760 2357 administrarit,
772 2298 804 2347 ut
815 2299 893 2367 patet
903 2307 936 2346 ex
948 2284 1039 2368 ipsius
1050 2287 1173 2366 registro

149 2400 280 2450 actorum
296 2409 311 2448 a
326 2392 345 2451 9
359 2388 474 2469 augusti
490 2391 569 2452 taso
583 2387 618 2448 ad
633 2390 672 2447 Ἠ
686 2385 801 2467 augusti
824 2389 910 2448 1585.
925 2386 997 2447 Exin
1012 2397 1075 2448 acta
1091 2409 1174 2470 expe·

149 2489 305 2552 diebantur
318 2489 436 2550 nomiae
449 2487 626 2549 rice-decani
641 2486 775 2569 (prologo
790 2485 908 2564 decano)
923 2497 952 2548 et
963 2487 1092 2569 capitali.
1102 2491 1174 2549 Acta
1261 2523 1264 2529 ι

149 2610 218 2652 vero
231 2602 345 2652 cessant
359 2609 449 2672 usqae
463 2600 527 2672 post
541 2588 686 2649 redactam
699 2587 859 2659 civitatem,
875 2587 1005 2670 nihilque
1018 2607 1034 2648 a
1048 2587 1174 2670 capitulo

149 2693 298 2754 decretum
319 2690 395 2774 qnod
412 2691 548 2753 ecclesiae
567 2688 748 2770 disciplinam
769 2689 882 2750 attinet.
903 2690 996 2762 Quam
1017 2689 1115 2769 gravia
1134 2690 1175 2751 rei

150 2793 309 2856 catholicae
328 2777 436 2854 liuerint
456 2791 525 2853 haec
544 2802 687 2872 tempora,
706 2788 811 2870 quibas
829 2787 944 2871 publico
958 2790 1044 2851 etiam
1060 2788 1175 2851 decreto

150 2894 302 2975 religionis
315 2891 483 2954 exercitium
498 2910 682 2973 suppressum
698 2888 767 2963 luit,
781 2888 919 2952 describit
932 2889 1110 2962 Diercxseos,
1127 2908 1173 2972 op.

151 2995 380 3056 ait.t.vetvt.

193 3098 286 3166 t585,
307 3097 428 3155 octobris
449 3096 477 3154 ἓ.
499 3091 663 3174 Capitulum
687 3090 839 3153 constituit
859 3111 965 3153 novum
991 3092 1174 3164 vicariatum,

150 3195 263 3256 scilicet
293 3194 468 3276 Sylvestrum
502 3192 608 3263 Pardo,
643 3192 783 3253 vicarium
815 3192 993 3274 generalem
1027 3194 1175 3255 Simonem

152 3299 263 3366 lloors,
279 3294 443 3365 allicialem;
457 3292 619 3355 Walterum
636 3294 809 3373 Verstegen,
826 3291 1024 3372 sigilliiemm;
1036 3293 1174 3356 iacobum

151 3396 275 3464 Antoni,
286 3413 492 3465 oeconomum,
503 3403 532 3454 et
546 3412 579 3454 eo
590 3391 708 3453 absente
719 3394 864 3453 Renerum
875 3412 892 3453 a
905 3393 1015 3455 brakel.
1027 3394 1176 3456 Secundus

152 3497 203 3558 ille
216 3495 371 3556 vicariatus
384 3493 537 3556 dioecesim
553 3491 766 3555 administravit
780 3493 918 3573 usquead
934 3494 1087 3556 adventum
1108 3498 1178 3556 Lae-

152 3595 213 3657 vini
226 3595 381 3656 Torrentii.
