2978 4916
109 601 183 642 cnseo
201 601 330 643 nourrius
347 601 469 644 euasisse
487 605 518 644 er
541 604 606 644 sana
623 605 704 646 saner.
720 603 787 644 auae
801 602 952 648 couvmruu
966 605 999 644 an
1011 631 1018 646 .
1030 606 1070 646 cm
1082 631 1088 646 .
1100 606 1138 648 rou

108 703 193 744 xxvm
206 703 383 744 axsrnuxmn.
479 715 482 722 .
1027 737 1031 746 .

149 781 348 844 Fundatornm
369 783 517 866 sepultura
534 804 601 870 oum
617 785 806 868 inscriptione
817 798 880 848 erat
893 785 924 846 in
939 785 1034 847 medio
1047 786 1138 848 euolo-

108 883 185 957 siae‚
204 903 278 965 quae
300 895 422 946 exeunte
434 884 551 972 ¹saeculo
571 885 685 947 deeimo
706 898 808 948 ootaro
828 886 975 949 destructa
995 885 1051 950 luit
1071 908 1138 950 oum

109 985 297 1047 monasterio.
310 989 343 1047 ln
356 985 436 1048 illius
450 984 541 1050 londo
554 986 591 1048 ab
604 988 689 1050 annis
702 987 813 1070 aliquot
825 1000 953 1050 ereetum
967 1000 1011 1050 est
1025 1008 1139 1051 monas-

110 1085 216 1147 terium
228 1086 440 1150 Ursulinarum.
996 1139 999 1144 .

151 1191 180 1250 5.
201 1189 367 1249 Conventus
380 1187 410 1248 in
427 1186 561 1261 Meersel,
577 1208 676 1250 versus
690 1188 862 1251 baronatnm
877 1188 1059 1260 Bradanum,
1074 1189 1139 1251 lun-

108 1289 196 1351 datus
209 1301 253 1352 est
263 1311 309 1351 an.
324 1294 411 1352 1687.

151 1394 180 1451 Ι.
202 1393 367 1453 Conventus
389 1391 497 1453 Bredae
519 1391 671 1454 inchoatus
689 1412 736 1454 an.
760 1395 852 1464 tuas,
875 1392 911 1454 ad
932 1392 1015 1476 eujus
1035 1392 1138 1455 lunela-

109 1492 219 1553 tionem
230 1491 425 1554 archiduoissa
440 1491 556 1554 lsabella
567 1505 692 1574 quatuor
702 1492 877 1554 florenorum
891 1493 984 1556 millia
999 1494 1137 1565 eontulit,

108 1610 177 1653 mox
201 1592 231 1653 in
254 1592 309 1654 hoo
332 1591 440 1675 oppirlo
464 1592 550 1655 desiit
573 1614 640 1656 eum
666 1593 782 1676 publico
807 1592 957 1676 religionis
980 1586 1139 1657 catholicae

108 1693 256 1756 exercitio.

424 1854 471 1892 Vll.
493 1839 662 1893 Caruentana
683 1855 818 1893 catenant.

152 1971 245 2054 Hujus
264 1970 376 2032 ordinis
399 1971 517 2033 unicum
539 1983 601 2034 erat
624 1970 795 2033 coenobium
817 1972 847 2033 in
871 1970 1007 2045 dioecesi,
1029 1973 1140 2035 seilicet
1172 2051 1173 2056 η

107 2071 297 2153 Antrerpine,
314 2055 482 2134 inchoatum
500 2092 547 2134 an.
566 2075 660 2144 ll85,
682 2072 844 2142 laventibus
862 2072 1057 2134 Maximiliano
1081 2075 1139 2135 Ro-

108 2192 265 2234 manorum
279 2193 346 2254 rege
359 2184 392 2233 et
405 2171 539 2254 Philippo
556 2171 726 2232 Brabantiae
740 2173 829 2240 duee,
846 2184 966 2233 eurnnte
978 2175 1088 2234 Joanne
1103 2172 1138 2234 de

107 2273 302 2355 Cattendyok‚
313 2275 341 2335 S.
353 2275 385 2334 T.
395 2272 514 2335 doctore
524 2272 696 2334 Lovanieusi
707 2285 736 2334 et
750 2285 910 2335 conventus
925 2272 1139 2335 Meohliniensis

107 2370 239 2435 alumno.
251 2377 292 2434 De
304 2373 382 2436 illius
396 2373 489 2435 initiis
502 2384 531 2434 et
543 2393 696 2454 progressu
708 2373 840 2456 pluribus
851 2386 943 2454 agunt
956 2373 1137 2447 Dierexsens,

108 2495 156 2558 op.
175 2475 228 2538 eit.
248 2488 319 2536 tom.
337 2478 388 2548 ΙΙΙ,
410 2495 438 2558 p.
465 2477 524 2537 tot
543 2487 573 2536 et
593 2496 684 2558 seqq„
707 2489 736 2536 et
755 2474 900 2540 sanderus
920 2477 1012 2538 Brob.
1031 2474 1138 2538 illustr.

108 2587 182 2637 tom.
198 2578 235 2646 ΙΙ,
251 2595 278 2658 p.
293 2578 363 2638 ato.
936 2657 937 2660 Ἴ

150 2677 326 2739 Floruerunt
345 2676 375 2736 in
390 2675 440 2736 illo
455 2673 594 2737 coenobio
613 2675 668 2736 riri
686 2674 891 2759 quamplurimi
907 2674 1038 2735 doctrina
1052 2687 1081 2735 et
1096 2674 1139 2735 di-

107 2777 224 2857 gnitate
250 2777 395 2858 insignes,
423 2796 496 2858 quos
524 2775 601 2837 inter
628 2775 749 2856 Egidins
776 2775 811 2836 de
839 2773 964 2860 lllerieap
988 2775 1140 2857 episeopus

108 2877 277 2960 Berytensis
297 2887 326 2937 et
345 2875 546 2956 suffraganeus
576 2875 807 2948 Cameracensis3
833 2863 1006 2935 Laurentius
1035 2875 1137 2947 Ducis

107 2980 264 3062 episeopus
277 2979 474 3042 Hebronensis
489 2991 519 3040 et
532 2977 731 3062 suffraganeus
744 2975 979 3059 Ultrajeetensis;
997 2977 1139 3038 Martinus

107 3084 256 3164 cuperus,
267 3077 419 3163 episeopus
433 3075 654 3150 Caleedonensis
664 3090 693 3141 et
704 3078 901 3158 suffraganeus
913 3078 1138 3146 Cameracensis

106 3181 233 3243 lacobus
250 3183 427 3252 Wemmers,
450 3179 543 3261 patria
561 3190 590 3240 et
611 3177 789 3262 professione
808 3177 1037 3260 antuerpiensis,
1056 3178 1085 3239 S.
1106 3181 1138 3238 T.

107 3285 228 3354 doctor,
242 3282 394 3365 episcopus
409 3281 573 3364 Mempheos
588 3265 616 3344 et
629 3278 805 3363 apostolicus
822 3299 874 3362 per
891 3277 1082 3361 AEthiupiam
1095 3279 1139 3341 le·

107 3395 212 3464 gatus,
227 3383 346 3466 Neapoli
360 3381 514 3446 defunctus
528 3403 575 3444 an.
590 3385 678 3445 Ι645.

151 3484 321 3545 carmelites
334 3487 425 3566 Lyrae
439 3483 637 3556 mansionem,
653 3481 797 3544 formandi
811 3481 966 3566 aliqnando
980 3492 1138 3543 conventus

109 3585 244 3656 initium,
260 3583 394 3648 habuisse
407 3597 530 3647 constat.

403 3813 460 3852 vm.
482 3797 652 3851 Canunnrras
673 3813 851 3851 orsoannrarr.

152 3943 272 4006 Alumni
295 3963 328 4005 ex
347 3943 567 4006 Carmelitarum
592 3943 706 4016 ordine,
729 3945 795 4004 as.
812 3940 946 4003 Therasia
967 3939 1138 4008 reformato,
