3012 4912
1 3781 19 3818 tlt

97 3881 113 3916 Χ

628 520 720 614 (7)

593 867 681 928 Cures
702 869 747 928 111.

157 1080 295 1158 Synodur
306 1081 470 1146 dioecesana
483 1087 569 1146 tertr'c
585 1087 685 1148 notite
698 1085 874 1166 Antoerpioc
887 1089 933 1150 die
947 1091 980 1150 11
997 1091 1101 1151 mensis
1114 1095 1189 1151 moti

280 1185 371 1254 1610,
387 1186 439 1245 eud
450 1183 563 1246 Ioanne
575 1185 705 1259 Mirceo,
720 1199 825 1267 quarto
837 1188 921 1252 Anto.
934 1191 1071 1267 episcopo.

200 1403 336 1465 Editorts
342 1408 521 1484 prooemium
535 1408 557 1465 ¹.
627 1425 629 1428 ·

201 1505 222 1564 1.
243 1503 343 1566 Minaei
361 1504 462 1567 literae
482 1503 518 1566 ad
539 1504 648 1568 clerum
671 1505 773 1569 dedic
796 1510 834 1571 29
853 1508 962 1570 mensis
979 1507 1076 1570 martii
1094 1511 1187 1580 1610,

32 1671 33 1675 ¹
159 1603 267 1688 quibus
280 1604 381 1688 synodi
396 1605 619 1669 celebrationem
633 1605 748 1671 indicit.

200 1709 234 1767 ll.
256 1704 390 1788 Ejusdem
409 1707 502 1769 oratio
521 1707 552 1769 in
574 1706 683 1790 synodo
703 1708 739 1771 ad
756 1708 865 1771 clerum
883 1708 997 1781 habita,
1020 1708 1050 1770 in
1070 1709 1188 1772 ecclesia

159 1805 335 1879 cathedrali,
351 1807 448 1872 61611
465 1808 573 1871 mensis
587 1808 655 1870 maii
671 1813 758 1874 1610.

202 1911 249 1970 111.
270 1907 358 1971 Index
371 1909 523 1972 titulorum
537 1909 649 1993 synodi.

202 2011 249 2070 tv.
271 2011 391 2072 Decreta
405 2008 523 2094 Synodi.

214 2112 247 2171 V.
268 2108 420 2192 Appendix
432 2110 673 2174 documentorum
685 2111 721 2174 ad
735 2112 810 2175 hanc
823 2110 982 2195 synodum,
997 2110 1127 2174 scilicet:

202 2215 229 2270 1.
250 2208 387 2272 Edictum
401 2211 513 2293 regium
535 2210 570 2274 de
590 2210 638 2274 die
655 2211 773 2295 eojulii
794 2214 887 2285 1592,
903 2222 937 2273 ut
957 2209 1142 2274 ecclesiastici
1162 2224 1191 2274 et

162 2308 445 2392 saecularesjudices
454 2311 535 2374 omni
543 2313 630 2375 modo
640 2312 810 2376 adnitantur
820 2312 962 2394 extirpare
971 2311 1192 2394 superstitiones

159 2422 189 2472 et
203 2410 325 2492 magias.
342 2411 455 2476 (iudico
468 2417 611 2476 idiomate.
713 2465 715 2470 .

200 2515 230 2572 2.
253 2510 335 2573 Bulla
356 2512 429 2575 sini
448 2515 486 2586 V,
505 2514 571 2578 data
590 2512 762 2577 duodecimo
778 2511 892 2576 kelend.
913 2511 1079 2574 novembris
1099 2513 1190 2584 1586,

160 2633 219 2694 qua
241 2612 410 2676 continetur
429 2615 577 2678 damnatio
596 2627 626 2678 et
647 2614 812 2699 reprobatio
831 2614 998 2698 pactionum
1019 2613 1049 2674 in
1072 2613 1193 2676 societa-

161 2712 242 2775 tibus
261 2716 514 2796 apponendarum,
541 2705 672 2799 capitalis
692 2717 895 2788 securitatem,
912 2725 963 2775 ant
979 2713 1054 2775 lucri
1073 2713 1191 2776 nomine

160 2826 272 2877 certam
293 2817 527 2898 responsionem,
550 2829 601 2879 aut
623 2816 785 2879 usurariam
806 2814 976 2900 pravitatem
990 2813 1192 2898 quovismodo

160 2914 386 2977 continentium.

202 3019 231 3077 3.
253 3016 414 3079 Declaratio
425 3029 454 3079 et
467 3019 611 3081 sententia
622 3018 700 3101 quod
711 3019 823 3083 reditus
836 3018 868 3086 in
883 3017 982 3100 granis
993 3015 1114 3099 aliisque
1130 3037 1190 3103 spe·

159 3115 260 3179 ciehus
269 3117 426 3198 originarie
432 3117 555 3201 pecunia
563 3132 713 3181 numerata
722 3118 933 3181 interveniente
939 3116 1100 3190 constituti,
1112 3117 1189 3199 iique

159 3216 215 3279 soli
229 3216 290 3279 sint
303 3216 494 3293 redimibiles,
509 3219 644 3302 quodque
654 3219 690 3283 ad
701 3219 860 3282 debitorem
875 3217 1013 3301 pecuniae
1023 3231 1189 3282 numeratae

158 3317 293 3400 probatio
317 3329 435 3401 spectet.
458 3321 595 3383 Edictum
620 3325 730 3404 regium
755 3325 789 3383 dc
811 3323 857 3382 die
882 3321 1065 3382 6666165616
1094 3323 1187 3392 1575,

156 3411 269 3500 pellice.

196 3523 229 3580 ’6.
251 3519 428 3583 constitutio
442 3522 574 3603 Gregorii
590 3525 665 3596 xtv,
682 3522 829 3586 declarans
848 3521 966 3603 quinem
985 3520 1020 3582 ad
1038 3521 1186 3583 ecelesiam

158 3620 362 3702 confugientes
376 3622 561 3686 immunitate
573 3624 699 3706 gaudere
714 3644 770 3686 non
783 3621 917 3697 debeant,
930 3633 958 3683 et
969 3621 1033 3704 quis
1042 3621 1145 3684 modus
1156 3623 1185 3684 in

159 3720 343 3784 extrahendis
356 3723 392 3785 iis
398 3708 563 3788 'arvandus
574 3725 621 3788 sit.

198 3826 226 3885 5.
249 3823 392 3885 Literaea
414 3844 495 3887 sacra
510 3825 735 3909 congregatione
749 3823 944 3889 Cardinalium
962 3842 1041 3885 conc.
1057 3821 1134 3884 Trid.
1150 3823 1184 3885 ed

189 4045 195 4074 ¹
215 4044 267 4095 vid.
280 4060 352 4110 supre
365 4052 414 4096 not.
428 4048 437 4097 1
453 4062 476 4112 p.
490 4049 512 4097 6.
