3034 4908
782 421 933 523 (rer)

714 631 764 696 ll.
781 643 860 696 litat.
877 644 903 698 ln
922 643 996 698 rodo.

266 875 269 880 Ι
388 793 429 856 lle
447 791 546 872 Hace,
570 789 821 858 olim-Memorem
845 811 895 856 seu
918 792 1119 856 Mertercliei'm
1139 809 1156 854 a
1176 802 1301 874 patrono
1320 812 1372 856 suo

345 895 374 956 S.
390 892 515 956 Martino
534 892 577 954 sic
593 892 704 967 dictus,
720 911 811 975 pagus
824 892 933 956 Bredas
946 892 1070 966 vicinus,
1086 893 1118 956 in
1132 909 1189 977 quo
1204 913 1304 956 curam
1324 914 1372 977 pa·

345 994 482 1060 storalom
501 993 652 1067 ecclesiae,
670 1013 747 1058 anno
763 997 840 1058 1516
854 1015 871 1058 a
884 993 1008 1059 Gilsensi
1024 1005 1186 1078 separatae,
1206 993 1373 1058 conferebat

346 1095 423 1160 idem
435 1096 642 1162 monasterinm
652 1095 807 1160 Thorense.

728 1277 766 1328 15.
783 1278 952 1343 densescere.
970 1277 996 1330 L.

387 1425 476 1488 Vicus
488 1423 544 1488 sub
557 1423 690 1508 parochia
704 1423 853 1487 Ginnelon
869 1441 935 1487 eum
949 1422 1094 1488 sacellos.
1111 1424 1211 1488 Annae
1220 1441 1314 1488 sacro.

652 1624 690 1674 16.
709 1626 777 1674 Lern
792 1638 838 1675 aec
854 1626 890 1675 Or
906 1639 938 1674 nr
954 1625 1029 1676 Lern.
1046 1625 1072 1674 L.

388 1772 476 1835 Vicus
495 1784 524 1833 et
541 1770 685 1855 appendix
702 1770 854 1853 parochiae
871 1770 907 1832 de
927 1773 1027 1845 Eiron,
1044 1790 1120 1833 anno
1142 1774 1221 1836 1787
1238 1771 1269 1832 in
1291 1790 1375 1854 paro-

349 1873 577 1936 chiamcrectus.
1093 1865 1097 1874 “

717 2034 756 2084 17.
774 2035 963 2088 Menounnrrc.
981 2037 1007 2086 L.

391 2182 480 2248 Vicus
489 2181 560 2246 olim
571 2194 650 2244 entra
664 2179 893 2246 Bredaemoooia
903 2201 982 2246 nunc
992 2183 1084 2255 intra,
1095 2203 1162 2246 oum
1174 2182 1290 2248 sacello.
1302 2185 1377 2248 Huic

351 2283 415 2346 vieo
429 2284 600 2364 contiguum
617 2295 679 2346 erat
692 2285 826 2345 sacellum
839 2283 873 2345 S.
887 2284 1001 2348 Modera
1014 2305 1064 2350 sou
1077 2287 1107 2350 S.
1121 2286 1238 2350 Martini
1251 2286 1377 2360 dictum,

353 2389 534 2451 destructum
551 2398 680 2469 tempore
694 2386 868 2450 extensionis
882 2387 1007 2451 civitatis
1021 2390 1175 2452 Bredanac.

733 2589 771 2640 18.
790 2591 958 2642 Moccnscnor.
976 2591 1002 2641 l..

392 2736 480 2800 Vicus
493 2753 559 2799 cum
574 2734 679 2800 sacello
689 2734 743 2798 soh
757 2736 843 2798 Gilse.

687 2938 726 2988 19.
743 2937 912 2988 messender.
930 2937 956 2987 L.
974 2937 1047 2988 2600.

393 3105 539 3169 Ecclesiae
559 3104 745 3188 parochialis,
764 3103 817 3166 suh
835 3104 1063 3166 invocationes.
1081 3104 1200 3166 loannis
1218 3105 1376 3188 Baptistae,

356 3212 388 3270 B.
410 3207 517 3270 Mariae
531 3206 660 3288 Virginis
681 3219 710 3267 et
729 3207 758 3268 S.
778 3206 919 3280 Oelbertl,
940 3204 1057 3267 collatio
1074 3206 1213 3289 spectavit
1227 3208 1322 3287 primo
1340 3209 1374 3269 ad

356 3309 620 3374 commendatorem
640 3307 751 3370 ordinis
772 3307 941 3379 Melitensis,
961 3305 1066 3370 deindo
1086 3307 1121 3370 ad
1143 3308 1304 3392 principem
1319 3314 1377 3371 ltu-

355 3415 465 3478 riacum
479 3424 509 3476 et
519 3423 664 3496 postremo
676 3411 711 3472 ad
723 3411 888 3493 episcopum
899 3411 1146 3493 dntverpieosem.
1156 3409 1283 3473 Celebris
1294 3423 1338 3474 est
1347 3412 1376 3474 in

357 3516 406 3577 illa
417 3514 536 3578 ccclesia
551 3513 647 3576 cultus
660 3514 688 3576 S.
703 3511 831 3575 Oelberti
846 3532 895 3574 seu
911 3511 1059 3575 Odelberti
1074 3512 1239 3596 martyris¹.

395 3617 538 3699 Populoso
552 3615 621 3677 huic
643 3635 717 3699 pago
736 3614 945 3678 subcensentur
964 3615 1020 3678 vici
1041 3617 1098 3680 Ten
1115 3617 1208 3682 Hontc
1226 3627 1255 3680 et
1278 3617 1378 3695 nycen-

352 3719 450 3780 dcccl.

391 3961 399 3992 ¹
416 3959 474 4016 Vide
486 3958 616 4012 editionem
628 3965 737 4013 nostram
746 3957 925 4013 Bruxellensem
936 3956 1034 4026 dederi,
1047 3963 1106 4011 tom.
1117 3959 1146 4024 V,
1157 3971 1181 4028 p.
1189 3955 1245 4010 692.
