3012 4912
570 463 683 552 rua)

148 603 201 662 Die
219 603 254 664 ¹8
264 606 374 662 martii.
385 600 522 662 Claudius
534 602 693 683 Aquaviva,
705 604 733 662 S.
746 604 771 662 J.
783 601 961 683 praepositus
972 600 1127 682 generalis,

118 701 254 762 Torrentii
267 699 452 762 donationem
463 713 601 784 acceptat.
616 703 728 766 Literoc
741 704 820 780 opud
829 722 880 762 mc.

148 801 189 862 nd
210 800 326 882 collegii
347 800 443 862 dotem
463 803 632 863 Torrentius
645 802 770 864 contulit
782 801 886 881 viginti
906 812 1030 883 quatuor
1042 799 1133 860 millia

116 898 302 973 florenorum,
324 901 528 964 bibliothecam
546 902 731 965 lectissimam
749 914 778 964 et
795 902 1076 972 numerosissimam,
1096 898 1131 961 ad

115 999 228 1081 triginta
243 1002 334 1063 millia
349 1002 524 1065 florenorum
539 1003 735 1075 aestimatam,
753 1002 895 1085 aliamque
909 1003 1051 1063 bonorum
1065 1020 1133 1062 suo·

115 1121 171 1164 rum
185 1114 313 1184 partem,
327 1102 368 1164 ita
384 1115 415 1164 ut
429 1105 533 1165 merito
547 1105 661 1184 collegii
675 1104 754 1166 illius
768 1103 903 1167 fraudator
917 1103 1092 1165 nominetur.
1206 1180 1209 1184 Ι

148 1204 237 1276 Totus
246 1203 277 1264 in
288 1224 322 1265 eo
332 1215 401 1275 erat,
411 1218 442 1266 ut
453 1209 519 1265 aute
529 1203 641 1268 obitum
650 1203 855 1284 sunmcollegii
865 1203 1010 1264 institutio
1018 1200 1135 1283 perlice-

115 1313 196 1364 retur.
210 1305 260 1374 Et,
273 1304 353 1386 quasi
367 1303 522 1366 instantem
535 1305 722 1387 praesentiret
733 1316 870 1375 mortem,
881 1304 921 1364 ita
931 1302 977 1364 die
987 1305 1026 1365 28
1037 1300 1134 1362 martii

115 1405 187 1465 1595
198 1402 303 1464 scribit
316 1403 351 1465 ad
364 1397 522 1466 Olirerium
539 1406 712 1476 Manarium,
723 1407 753 1468 S.
767 1407 791 1466 l.
804 1402 1001 1486 presbyterum
1013 1423 1020 1462 :
1034 1425 1049 1460 α
1061 1405 1133 1462 Cum

117 1526 128 1558 s
148 1513 227 1563 tuam
243 1504 426 1586 potissimum
445 1517 560 1567 secutus
578 1492 779 1566 arroteritntem
798 1504 980 1587 gymnasium
1001 1514 1133 1563 nostrum

115 1626 126 1657 u
147 1603 325 1665 Lovaoiense
335 1604 369 1665 ad
384 1605 432 1666 Dei
444 1605 566 1687 gloriam
578 1618 607 1667 et
619 1605 761 1668 Ecclesiae
771 1625 839 1667 strae
852 1615 967 1666 sanctae
978 1602 1133 1664 utilitatem

114 1728 126 1760 n
149 1702 269 1767 fundare
283 1706 458 1787 inceperim,
475 1727 508 1768 ac
520 1719 597 1769 totus
607 1707 636 1768 iu
648 1728 682 1768 eo
694 1707 762 1780 sim,
777 1719 810 1768 ut
821 1705 897 1788 quod
909 1725 968 1767 nou
980 1701 1135 1766 infeliciter

117 1828 129 1858 a
150 1804 290 1888 incepisse
309 1807 380 1868 mibi
397 1807 513 1880 videor,
530 1808 628 1870 divino
646 1808 738 1870 fretus
762 1807 868 1870 auxilio
888 1827 973 1889 qnam
996 1801 1134 1866 citissimo

116 1930 128 1960 n
150 1905 211 1967 lieri
231 1909 338 1989 poterit
354 1909 516 1989 perficiam,
531 1930 584 1972 nec
601 1922 678 1971 aetas
695 1930 769 1982 mea,
788 1908 941 1971 accedente
956 1904 1057 1967 morbo
1071 1924 1135 1987 per-

117 2036 128 2064 »
152 2028 237 2091 quam
249 2008 360 2070 difficili
368 2029 401 2070 uc
412 2010 559 2081 diuturno,
567 2010 684 2090 longam
694 2011 765 2072 ierat
774 2030 894 2080 moram,
904 2008 928 2069 si
940 2007 1067 2068 instituti
1078 2005 1135 2067 mei

118 2139 128 2165 a
151 2113 277 2172 fructum
292 2122 359 2171 ante
370 2124 493 2173 mortem
508 2112 604 2173 videre
618 2111 741 2194 aliquem
757 2112 857 2182 velim3
869 2108 995 2170 dubitari
1010 2127 1067 2169 nou
1083 2126 1135 2188 po·

118 2237 128 2266 n
151 2223 206 2273 test
223 2229 310 2292 quam
331 2209 512 2292 gratissimae
531 2210 601 2272 mibi
620 2210 737 2273 luerunt
758 2222 918 2292 postremae
935 2208 1034 2286 literae
1053 2219 1133 2278 tuae,

118 2339 129 2368 n
151 2324 297 2393 tamquam
309 2312 390 2372 testis
401 2312 503 2374 tuaeiu
514 2311 1134 2395 hocipsonegotiodiligentiae:quamquam

119 2439 129 2467 r
150 2413 228 2474 enirn
246 2411 344 2473 eadem
360 2427 473 2493 quoqne
491 2433 525 2474 en
538 2411 660 2474 aliorum
683 2433 748 2474 cum
763 2412 855 2474 literis
875 2425 936 2473 tum
954 2407 1136 2473 sermonibus

120 2541 130 2568 a
152 2513 289 2584 intellexi,
302 2512 374 2574 nibil
387 2526 483 2576 tamen
492 2514 649 2596 jucundius
660 2513 804 2597 quamabs
816 2527 853 2585 te,
867 2513 917 2576 tali
928 2533 961 2574 ao
973 2525 1053 2575 tauto
1062 2512 1135 2584 viro,
1228 2553 1231 2571 ,

119 2639 130 2668 a
152 2614 331 2685 confirmari,
352 2614 407 2676 hoc
424 2615 591 2697 praesertim
608 2630 737 2698 tempore
752 2636 817 2678 cum
837 2615 923 2697 hujus
938 2614 1030 2676 nostri
1046 2612 1135 2675 veluti

121 2741 131 2769 r
153 2714 260 2796 nauigii
276 2714 389 2796 (loquor
404 2727 500 2776 autem
515 2715 550 2777 de
565 2714 721 2797 republica)
737 2715 849 2777 clavum
865 2726 966 2777 tenens
982 2717 991 2756 ¹
1011 2724 1040 2775 te
1053 2733 1136 2796 prae·

120 2840 131 2869 a
152 2815 234 2897 cipue
246 2825 314 2876 aute
328 2814 427 2876 oculos
439 2827 542 2896 ponat,
557 2815 640 2897 cujus
650 2813 899 2877 admonitionibus
911 2826 997 2896 atque
1008 2813 1136 2875 consiliis

120 2940 131 2970 n
152 2916 279 2977 actiones
294 2935 361 2977 suas
377 2915 500 2996 dirigat,
515 2936 608 2997 neque
626 2916 779 2998 quicquam
800 2914 894 2978 sciens
911 2913 1058 2984 admittat,
1077 2934 1135 2996 quo

119 3040 130 3071 a
151 3015 247 3077 divina
258 3015 372 3098 justitia
384 3015 490 3078 offendi
502 3017 601 3099 possit.
616 3020 698 3098 Rogo
711 3017 802 3098 igitur
812 3016 928 3099 quantis
941 3035 1057 3099 possum
1073 3034 1137 3097 pre·

120 3140 131 3169 u
152 3116 248 3186 cibus,
269 3129 302 3178 ut
320 3129 442 3178 conatus
462 3129 577 3178 nostros
596 3138 764 3200 promovere
783 3138 899 3200 pergas,
921 3137 1013 3200 neque
1028 3136 1134 3187 cesses,

120 3241 130 3271 r
152 3217 241 3278 donec
251 3217 364 3278 Summi
377 3217 526 3279 Pontificio
541 3239 574 3279 ac
584 3218 725 3280 Catholici
739 3218 826 3298 Regis
839 3219 932 3299 gratia
945 3218 1004 3279 voti
1019 3236 1137 3305 compo-

119 3343 130 3372 ι)
152 3331 191 3380 tes
203 3318 273 3380 luoti
289 3318 446 3381 boranium
458 3329 544 3401 atque
554 3318 717 3401 adjacentes
728 3318 860 3399 regiones
868 3317 1002 3400 juvemus
1014 3328 1042 3380 et
1057 3315 1137 3378 illus·

117 3557 201 3610 sionem
211 3560 291 3611 emisit
302 3561 327 3610 iu
336 3576 421 3611 manus
431 3560 519 3612 lluardi
528 3561 644 3628 repperi,
653 3563 677 3613 8,
690 3564 718 3613 Τ.
728 3561 833 3613 doctoris
841 3568 866 3612 et
874 3561 1015 3613 Academiae
1026 3560 1139 3626 rectoris,

118 3658 187 3695 norae
197 3645 324 3696 societatis
334 3645 443 3710 primarii
452 3645 602 3711 protectoris.

147 3728 155 3758 ¹
171 3733 228 3782 Post
240 3731 374 3783 archiducis
389 3732 482 3784 Ernesti
498 3733 653 3784 immaturam
664 3740 768 3783 mortem
785 3733 822 3797 (bl
839 3732 898 3783 febr.
913 3733 1001 3800 1595),
1020 3746 1138 3783 consensu

118 3812 229 3865 0rdiuum
238 3815 433 3879 procurationem
444 3816 521 3882 Belgii
532 3816 635 3881 suscepit
645 3832 725 3867 comes
734 3819 763 3868 de
775 3820 890 3886 luentes,
902 3818 978 3868 donec
990 3832 1067 3868 novus
1077 3833 1091 3866 e
1103 3832 1139 3867 re-

118 3897 287 3962 giostemmatc
296 3902 446 3968 guberuator
453 3903 585 3955 adveniret.
596 3905 701 3970 Magnae
712 3905 776 3970 apud
786 3905 900 3956 comitem
908 3904 1057 3955 auctoritatis
1066 3903 1137 3956 habe-

119 3979 182 4038 batur
193 3997 263 4052 pater
275 3987 403 4055 Olirerius,
415 3989 485 4058 eique
493 3997 545 4041 erat
556 4005 569 4040 a
580 3988 652 4040 sacris
664 3989 851 4042 confessionibus
863 4000 887 4042 et
898 3990 1059 4042 concionibus.
