3034 4908
583 423 731 522 (aaa)

534 603 556 652 6.
576 605 736 653 Barssourrr.
755 605 780 652 L.

182 727 322 790 Parochia
336 728 453 810 quidem
468 740 542 801 erat,
554 729 604 791 sed
619 729 648 790 in
664 727 872 811 temporalibus
885 736 959 812 pa'go
975 730 1011 791 de
1025 731 1169 794 Eeclreren

141 827 275 900 obnoxia,
286 829 529 911 quemadmodum
542 830 656 908 Capella
666 832 815 892 ctHouen.
831 833 863 892 lu
878 830 1035 913 diplomate
1046 832 1169 896 Walteri

141 926 178 988 de
194 927 336 990 Berthoot
349 929 418 990 anui
439 933 517 994 taut
537 930 632 1013 quoad
649 929 776 992 decimas
795 929 829 992 de
848 930 992 992 Eeclrercu
1010 932 1097 1014 (apud
1114 933 1169 993 tti-

140 1048 258 1101 raeum,
269 1041 339 1091 tom.
353 1032 400 1101 lv,
411 1051 439 1113 p.
450 1033 521 1111 ute)
534 1044 654 1094 vocatur
666 1033 831 1111 Brccsputa,
844 1045 872 1093 et
886 1032 916 1094 iu
932 1033 1014 1095 Bulla
1028 1033 1168 1095 limitum

140 1129 187 1190 Pii
202 1131 239 1192 tv
256 1131 424 1193 Breneatcn.

398 1293 419 1341 7.
439 1295 547 1343 curetur
559 1296 612 1345 etue
624 1297 809 1344 Hoosunscuor.
821 1295 846 1343 t.
860 1295 915 1343 280.

182 1417 297 1500 Capella
313 1420 343 1481 S.
359 1419 460 1482 Jacott
473 1424 505 1480 in
520 1422 671 1501 Hopcacotc
683 1431 751 1481 aute
764 1439 874 1481 anuum
891 1422 982 1489 tntu,
999 1417 1170 1500 parochialis

139 1516 211 1590 luit,
230 1530 262 1578 ut
279 1530 393 1580 constat
407 1519 495 1602 (apud
508 1519 638 1582 Butlreus
650 1520 680 1580 io
696 1520 808 1602 probat.
823 1519 859 1581 ad
874 1519 925 1581 lib.
942 1522 989 1580 Vll
1006 1521 1169 1598 Tropltoco-

138 1639 209 1679 rum
223 1620 414 1692 Brodentine,
430 1623 540 1703 putu)
558 1642 592 1682 ex
604 1620 762 1703 diplomate
777 1619 898 1683 Aruoldi
911 1619 947 1683 de
957 1619 1084 1682 Lovaoio
1099 1641 1166 1682 cum

138 1719 306 1782 Elisabetha
320 1740 408 1782 uxore
424 1721 541 1783 domina
556 1727 649 1784 terrae
662 1721 804 1805 deBreda
818 1720 1039 1783 transcribentis
1053 1741 1168 1782 monas-

139 1821 216 1882 terio
227 1821 284 1882 loci
295 1822 323 1883 S.
334 1821 472 1883 Bernardi
484 1821 520 1884 ad
530 1823 677 1887 Schaldim
686 1823 828 1886 decimam
840 1828 872 1885 in
882 1824 1128 1904 Hopeacoteaitom
1137 1827 1169 1883 in

132 1926 282 2002 parochio
292 1923 324 1986 S.
332 1924 527 2003 Jacobijunto
537 1926 659 1994 uterne,
667 1927 736 1987 item
744 1925 793 2007 jus
803 1936 975 2008 patronatus
985 1924 1015 1986 io
1023 1924 1051 1986 S.
1062 1923 1168 1985 Iacobo

137 2022 260 2085 ibidem.
274 2026 315 2084 Eo
326 2023 443 2107 quidem
457 2024 543 2087 titulo
558 2025 693 2105 Capellae
706 2038 893 2108 patronatum
908 2036 1010 2087 nactus
1023 2037 1067 2087 est
1079 2023 1169 2085 abbas

136 2130 167 2190 S.
184 2126 324 2189 Beruardi
335 2140 364 2188 et
378 2128 520 2210 parochus
534 2150 567 2190 ex
577 2127 628 2190 illo
643 2129 782 2191 coenobio
796 2126 1006 2190 assumebatur.

508 2293 531 2341 8.
550 2294 709 2342 Gorneae.
728 2291 799 2341 ttuu.

180 2417 315 2479 Testatur
329 2420 368 2478 Le
383 2419 445 2502 R'oy
460 2421 487 2490 ¹,
503 2438 533 2478 se
547 2437 580 2479 ex
591 2417 715 2478 archivis
726 2415 858 2478 coenobii
873 2415 1023 2478 lobiensis
1033 2414 1168 2477 didicisse

138 2537 248 2599 pagum
270 2517 348 2580 huuc
366 2518 479 2578 sacculo
500 2519 549 2578 Vll
567 2530 710 2599 spectasse
726 2516 762 2577 ad
783 2517 812 2579 S.
835 2516 1020 2598 Raynildem‚
1043 2515 1169 2597 Witgeri

137 2617 257 2681 comitis
271 2617 376 2691 filiam,
398 2617 481 2700 cujus
501 2619 577 2678 vitae
597 2617 722 2699 scriptor
735 2618 749 2656 ²
764 2636 912 2698 perperam
929 2617 1094 2680 Condacum
1107 2636 1170 2676 eas-

136 2733 219 2782 trnm
232 2741 319 2802 super
328 2721 403 2784 Seclt
416 2719 536 2781 lluvium
552 2718 686 2789 collocat,
701 2729 782 2778 ratus
796 2718 963 2782 Condacum
975 2737 1037 2778 esse
1052 2719 1169 2778 Hanno-

138 2823 208 2883 niae
218 2822 370 2904 oppidum,
382 2820 418 2884 ad
430 2821 540 2884 Haiuae
549 2833 579 2884 et
592 2819 723 2882 Schaldis
735 2813 928 2890 confluentes,
944 2838 1033 2899 quum
1052 2819 1169 2882 Condu-

136 2943 205 2985 cum
222 2943 283 2984 esse
299 2921 432 2984 videatur
454 2942 546 3005 pagus
570 2921 696 3001 insignis
717 2920 812 2982 medio
834 2919 911 2982 iuter
933 2918 1119 2981 Mechliuiam
1139 2931 1168 2981 et

137 3024 329 3106 antverpiam
351 3025 444 3106 spatio
467 3023 577 3106 aliquot
602 3022 731 3084 millibus
750 3042 885 3104 passuum
910 3041 926 3082 a
947 3019 1079 3094 Schaldi;
1100 3041 1167 3083 uam

137 3145 231 3209 quum
250 3124 459 3206 patrimonium
477 3146 561 3187 suum
582 3126 611 3186 S.
626 3123 776 3206 Rayuildis
794 3123 930 3206 Lobieosi
950 3109 1089 3184 coenobio
1110 3134 1168 3183 tra-

137 3229 261 3302 diderit,
286 3253 300 3285 «
323 3229 452 3291 latentur
467 3227 624 3290 Lobierlses
635 3231 684 3306 (ut
698 3226 778 3288 addit
792 3229 832 3288 Le
846 3227 924 3308 Roy)
944 3245 974 3286 se
989 3223 1167 3306 amplissima

96 3313 97 3318 ἵ
136 3330 346 3392 bouaCoutaci
362 3330 454 3413 {quod
474 3329 561 3410 vulgo
582 3349 660 3390 nunc
680 3329 799 3392 Conticlt
821 3326 941 3404 dicitur)
962 3325 1121 3408 possedisse
1138 3337 1167 3388 et

133 3432 204 3514 jura
219 3431 378 3492 etiamnum
393 3429 532 3515 quaedam
544 3429 681 3498 retinere.
692 3427 813 3490 caeteris
824 3426 962 3490 cardinali
976 3426 1167 3488 Grauuellauo

136 3532 277 3602 venditis
290 3531 412 3594 Condati
426 3552 494 3593 vero
508 3543 616 3612 negant
626 3551 657 3592 se
666 3529 822 3614 quidquam
836 3529 992 3611 possidere,
1004 3539 1053 3590 atrt
1065 3528 1166 3590 memi-

137 3637 218 3697 nisse
231 3655 247 3695 a
262 3632 421 3716 majoribus
433 3634 494 3695 suis
508 3652 680 3715 possessum.
705 3657 719 3689 u

171 3841 182 3871 ¹
201 3844 246 3906 Op.
258 3840 298 3892 eit.
310 3856 334 3904 p.
347 3841 402 3890 tau.

169 3930 180 3958 ¹
198 3932 267 3982 Aeto
278 3928 322 3978 SS.
335 3929 436 3992 Eripit,
450 3933 508 3976 tom.
521 3927 565 3991 lV,
578 3941 601 3989 p.
613 3924 670 3974 dit.
