3034 4908
795 434 903 534 (aab
928 437 942 533 )

350 590 427 635 auno
441 575 520 636 1796
534 591 593 636 uua
607 592 673 636 eum
688 591 757 655 agro
773 574 921 658 Heyainqa
934 594 1034 638 rursus
1046 576 1076 638 in
1088 575 1254 660 parochiam
1266 588 1384 640 erectus

351 685 403 737 est.

721 818 759 870 11.
777 820 879 871 Gasaru.
896 820 922 871 b.
942 819 1013 872 11110.

392 959 491 1024 Gattel
504 959 549 1024 vel
565 961 657 1025 Gestel
672 961 809 1045 antiquus
823 974 852 1026 et
872 962 986 1046 amplus
1004 981 1108 1046 pagus,
1123 963 1154 1026 iu
1173 983 1230 1048 quo
1250 963 1385 1044 ingentia

350 1082 418 1126 rura
430 1082 510 1134 anno,
524 1067 601 1128 1275
614 1075 644 1126 et
653 1063 767 1128 duobus
778 1065 965 1148 sequentibus
976 1065 1185 1130 monasterium
1196 1067 1225 1129 S.
1241 1065 1384 1128 bernardi

350 1165 461 1248 accepit
474 1165 510 1228 ab
525 1165 653 1229 Aruoldo
670 1166 706 1230 da
724 1167 852 1231 Levania
875 1166 984 1230 Bredas
1001 1182 1031 1230 et
1052 1170 1212 1248 Bergarum
1226 1166 1348 1230 domina
1359 1171 1388 1230 ¹.·

351 1264 395 1332 Ab
408 1265 537 1350 ejusdem
548 1266 680 1331 abbatiae
691 1267 842 1332 monacbis
855 1267 1071 1332 deserviebatur
1085 1287 1154 1332 cura
1168 1267 1332 1351 pastoralis.

750 1471 790 1522 15.
808 1471 945 1522 ussurus.
963 1473 988 1522 b.

391 1618 530 1684 Halteres
543 1638 593 1682 seu
608 1618 715 1683 rectius
729 1618 881 1682 Halateraa
894 1636 984 1700 pagus
996 1615 1031 1678 ad
1045 1616 1386 1701 septentrionalempar·

239 1757 241 1760 ·
350 1738 410 1790 tem
425 1729 584 1806 Bergarum
594 1721 630 1783 ad
644 1725 776 1794 Zamam,
787 1720 857 1784 olim
870 1718 986 1783 castello
997 1720 1169 1796 instructus,
1183 1719 1267 1801 eujus
1278 1720 1385 1783 rudera

350 1826 445 1890 adhue
465 1824 638 1888 videbantur
657 1823 733 1886 eirea
749 1841 795 1884 an.
819 1825 897 1886 1678
912 1843 969 1906 quo
988 1825 1027 1884 Le
1049 1824 1112 1905 laoy
1126 1822 1248 1885 citatum
1267 1823 1385 1906 saepius

350 1949 436 1994 suum
447 1927 555 1990 librum
565 1924 665 1988 edidit.
883 1921 886 1926 ’

355 2063 361 2076 ·
392 2035 550 2094 Patrouatu
565 2027 701 2092 ecelesiae
714 2025 857 2110 gaudebat
870 2026 1023 2110 episeopus
1037 2025 1263 2110 Antrerpiensis.

774 2229 812 2279 16.
830 2230 937 2280 Harum.
956 2230 981 2280 L.

392 2379 469 2442 ldem
486 2376 563 2461 quod
577 2376 713 2447 Hureila,
727 2374 871 2459 appendix
884 2375 954 2438 olim
968 2375 1120 2460 parachiae
1134 2374 1176 2438 de¹
1189 2375 1306 2443 Woude.

749 2577 789 2628 17.
806 2577 940 2629 flsrrruea.
957 2580 982 2628 L.

390 2727 478 2791 Vicus
496 2725 566 2789 olim
580 2745 646 2790 eum
661 2723 857 2806 saeellojuxta
871 2725 999 2804 Fynuert
1012 2744 1098 2808 supra
1113 2745 1193 2787 num.
1208 2729 1257 2788 15.

731 2927 770 2978 18.
789 2927 960 2978 Hrtrauursar.
973 2928 999 2977 b.

390 3078 486 3157 Pagus
500 3073 536 3136 ad
551 3073 769 3136 meridionalem
785 3084 895 3157 partem
912 3076 1069 3154 Bergarum
1084 3074 1120 3136 ad
1134 3077 1266 3148 Zamam,
1282 3073 1385 3138 Sabal-

350 3177 437 3260 dique
450 3176 574 3248 ricinus,
590 3195 730 3259 aquarum
744 3174 935 3238 inundatione
943 3174 1118 3258 jampridem
1131 3195 1187 3238 uua
1200 3196 1268 3238 eum
1279 3196 1385 3239 coerro-

350 3280 399 3344 bio
412 3281 528 3343 Emaiis
543 3283 640 3362 (supra
655 3299 736 3342 num.
752 3279 802 3358 11))
818 3278 921 3360 majori
935 3299 969 3341 ex
983 3291 1065 3362 parte
1078 3280 1256 3343 submersus.

389 3385 440 3444 Jus
456 3393 625 3464 patronatus
638 3382 776 3444 ecelesiae
790 3381 868 3444 illius
882 3401 958 3444 anne
972 3385 1050 3445 1118
1063 3387 1188 3446 loannes
1202 3381 1238 3445 de
1251 3383 1382 3467 Glymes,

350 3488 509 3567 Bergarum
535 3481 687 3557 domiuus,
708 3483 850 3546 concessit
876 3503 928 3565 pro
950 3482 1016 3546 dote
1040 3482 1153 3566 collegii
1172 3484 1381 3547 canonicorum

351 3583 617 3668 bergimmensium
635 3585 658 3645 ².

383 3807 393 3838 ¹
411 3806 548 3872 biplomata
563 3806 672 3860 referunt
689 3807 807 3875 Budaeus,
824 3823 865 3874 op.
881 3808 923 3861 eit.
941 3807 982 3860 lib.
998 3809 1054 3876 vn,
1070 3809 1165 3862 Preuv.
1181 3824 1205 3874 p.
1223 3809 1286 3878 218,
1303 3817 1327 3860 et
1345 3809 1376 3866 La

351 3895 417 3960 aoy,
429 3909 453 3958 p.
465 3893 523 3945 489.

383 3979 393 4008 ’
410 3977 458 4032 cfr.
470 3993 543 4046 supra
558 3995 582 4046 p.
596 3980 656 4048 181,
668 3987 693 4031 et
704 3980 818 4048 Mimans,
830 3991 889 4035 tom.
901 3982 923 4051 1,
935 3999 959 4048 p.
972 3982 1029 4034 785.
