2990 4918
777 465 926 562 (rao)

336 603 483 667 canonicis
493 601 647 686 primariae
658 603 895 678 luridationis,ex
906 605 1011 688 quibus
1022 625 1124 667 novem
1134 604 1372 687 graduati‚iique

337 702 374 766 ad
396 703 565 770 electionem
588 702 708 788 capituli
727 705 906 777 assumendi,
927 705 1064 768 nimirum
1087 718 1144 768 tres
1163 705 1374 777 nobiles,'tres

338 805 500 887 theologiae
510 809 642 874 doctores
651 808 695 872 vel
707 808 863 880 licentiati,
878 820 908 870 et
922 821 980 872 tres
992 807 1022 870 in
1034 806 1101 890 jure
1114 807 1216 870 iisdem
1231 807 1373 888 gradibus

337 906 470 990 insigniti
485 909 515 972 iu
533 910 641 974 famosa
655 909 789 995 quapiam
808 908 1006 972 universitate.
1027 908 1139 972 Primos
1155 908 1307 973 obtinebat
1320 908 1375 971 de·

337 1027 443 1080 cantis,
466 1031 551 1093 quem
577 1011 750 1095 sequebatur
774 1009 1008 1082 archidiaconus,
1035 1022 1096 1072 tum
1121 1008 1373 1094 archipresbyter,

337 1121 440 1172 cantor
452 1123 482 1173 et
499 1111 752 1194 poenitentiarius,
772 1109 892 1172 totidem
915 1110 1088 1192 dignitates,
1101 1111 1242 1174 hahentes
1261 1111 1376 1192 singuli

338 1208 530 1292 praebendam
545 1212 600 1277 sihi
621 1232 780 1283 annexam,
797 1211 839 1272 nti
863 1224 892 1274 et
913 1211 1071 1274 eanonicus
1087 1212 1377 1295 theologalis,·cnjus

339 1321 435 1374 tamen
449 1313 577 1377 odicium
592 1314 670 1378 inter
683 1313 841 1394 dignitates
856 1332 913 1374 non
937 1312 1148 1375 recensebatur.

380 1415 468 1477 Erant
480 1415 671 1498 iusuperocto
680 1412 812 1477 canonici
822 1411 1000 1476 fundationis
1011 1412 1210 1486 secundariae,
1222 1414 1378 1497 quinaret

339 1514 568 1596 appellabantur,
581 1515 683 1600 majori
694 1514 821 1598 capitulo
832 1514 907 1576 baud
919 1515 1067 1596 aggregati
1076 1563 1083 1586 ,
1092 1535 1257 1598 quanquam
1269 1514 1377 1576 iisdem

338 1613 466 1678 vestibus
481 1617 511 1680 in
531 1617 621 1680 choro
641 1637 707 1679 cunt
726 1615 847 1678 caeteris
867 1613 1024 1697 majoribus
1042 1614 1189 1678 canonicis
1205 1613 1377 1679 utebantur.

339 1716 377 1778 lis
391 1716 598 1780 incumbebant
614 1717 690 1780 cxvi
705 1717 900 1780 institutionis
914 1717 1006 1779 olhcia
1022 1717 1118 1791 chori,
1129 1717 1379 1780 caeremoniarius

339 1817 425 1879 etiam
438 1830 467 1881 et
478 1819 616 1901 magister
626 1818 752 1880 fabricae
761 1839 794 1881 ex
804 1838 905 1880 eorum
918 1817 1029 1900 gremio
1042 1816 1283 1881 assumebantur:
1298 1817 1379 1880 ultra

340 1917 393 1982 bos
406 1940 522 1993 omnes,
537 1934 621 1986 erant
643 1920 850 2004 quamplurimi
872 1919 1021 1989 sacellani,
1043 1918 1141 1981 decem
1163 1920 1251 1981 etiam
1273 1919 1377 1982 vicarii

341 2020 465 2084 musices
478 2022 578 2105 periti,
597 2044 702 2107 sexque
724 2022 805 2106 pueri
818 2020 963 2091 chorales,
981 2021 1021 2082 ita
1035 2033 1067 2082 ut
1081 2040 1220 2082 numerus
1233 2020 1379 2082 beneficio

340 2121 370 2182 in
394 2122 445 2184 bae
460 2123 579 2186 ecclesia
596 2125 806 2206 praeditorum,
826 2123 874 2205 qui
899 2120 1029 2203 quotidie
1043 2120 1132 2184 choro
1145 2121 1320 2193 intererant,
1339 2120 1379 2183 ad

341 2224 524 2306 septuaginta
541 2225 656 2288 circiter
670 2224 847 2288 ascenderet.

383 2328 474 2389 Porro
494 2347 527 2388 ex
543 2327 647 2409 viginti
663 2338 784 2410 quatuor
806 2323 963 2407 majoribus
984 2323 1166 2408 praebendis,
1186 2344 1244 2385 una
1263 2323 1380 2405 episco-

338 2427 422 2509 patui
447 2449 557 2492 annexa
580 2441 657 2502 erat,
678 2430 752 2491 dnae
767 2429 835 2490 item
860 2427 1027 2498 decanatui,
1051 2425 1138 2489 simul
1162 2446 1228 2486 crim
1255 2424 1380 2487 honesta

343 2527 534 2604 habitatione,
549 2531 637 2594 altera
659 2531 780 2594 induas
804 2542 900 2612 partes
918 2543 995 2592 secta
1017 2549 1069 2610 pro
1094 2526 1207 2589 duobus
1230 2524 1379 2608 plebanis,

343 2630 450 2715 quihus
464 2633 627 2694 animarum
642 2653 711 2696 cura
733 2631 920 2696 incumbebat
935 2643 964 2693 et
983 2631 1032 2712 qui
1049 2629 1103 2692 hoc
1118 2629 1203 2690 titulo
1218 2626 1383 2709 majoribus

344 2733 491 2798 canonicis
505 2734 743 2806 accersebantur,
759 2746 880 2814 uterque
890 2729 1014 2794 babebat
1029 2730 1176 2812 regionem
1190 2730 1220 2791 in
1234 2728 1305 2790 nrbe
1318 2728 1380 2791 sibi

343 2834 519 2917 assignatam
531 2848 561 2899 et
573 2837 789 2918 vicepastoreur.
801 2838 921 2917 insuper
931 2834 1059 2896 seniores
1071 2832 1230 2895 octodecim
1242 2831 1380 2894 canonici

345 2934 429 2998 aedes
447 2935 503 2999 sihi
524 2937 656 3022 proprias
669 2934 880 3008 inhabitabant,
899 2947 928 2997 et
939 2947 1080 3019 qnantum
1095 2933 1130 2994 ad
1146 2933 1297 2995 ulteriores
1308 2953 1382 3014 pro·

344 3050 464 3112 ventus,
478 3040 699 3104 archidiaconns
712 3038 856 3119 gaudebat
868 3050 1016 3126 paptorutn
1031 3036 1067 3100 de
1082 3036 1194 3099 Ballaer
1205 3056 1256 3098 seu
1267 3037 1382 3098 Bolder

346 3161 412 3202 utrm
424 3140 567 3204 fructibus
580 3141 605 3203 ei
618 3142 722 3211 unitis,
734 3138 963 3223 archipresbyter
976 3137 1090 3200 unitum
1102 3135 1227 3198 habehat
1241 3157 1382 3218 persona·

346 3252 408 3304 tum
426 3240 462 3304 de
478 3240 817 3325 lleyst·op·den·Bergb,
834 3261 900 3302 cnm
922 3238 1109 3322 proventibus
1125 3238 1261 3309 annexis,
1275 3249 1382 3300 cantor

348 3342 505 3426 recipiebat
521 3343 633 3407 lructus
646 3341 816 3406 sacellaniae
830 3341 866 3404 ad
881 3342 971 3404 altare
984 3342 1033 3404 SS.
1048 3338 1200 3402 Trinitatis
1214 3337 1244 3401 in
1258 3337 1383 3400 ecclesia

347 3442 520 3518 cathedrali,
537 3443 777 3527 poenitentiarius
791 3463 858 3505 vero
874 3440 1039 3525 potiebatur
1054 3451 1209 3522 personatu
1227 3438 1262 3500 de
1278 3440 1383 3500 Wom-

349 3547 472 3629 melgem
488 3561 517 3610 et
533 3547 676 3610 fructibus
690 3545 817 3609 annexis.

390 3651 520 3711 Decauos
533 3648 568 3710 ab
581 3661 674 3711 erecta
687 3647 754 3710 sede
767 3646 922 3730 episcopali
938 3645 1033 3725 regiae
1047 3642 1194 3706 collationi
1206 3640 1383 3724 subjicieba-

336 3761 406 3812 tur.
422 3750 628 3823 Canonicatus,
643 3763 722 3812 extra
737 3768 890 3811 numerum
911 3746 1118 3828 graduatorum
1133 3742 1299 3806 conserebat
1319 3745 1383 3806 Ro-

350 3870 454 3914 manus
470 3851 602 3914 Pontilex
617 3871 667 3934 per
680 3861 746 3913 octo
760 3848 829 3910 anni
847 3867 976 3920 menses,
992 3846 1118 3929 reliquos
1131 3857 1228 3907 antem
1241 3855 1382 3927 quatuor,

350 3953 484 4015 canonici
503 3953 643 4035 pervices
663 3950 914 4023 hebdomadarius,
933 3948 1009 4012 sieut
1027 3961 1057 4010 et
1076 3946 1248 4030 quamplura
1266 3945 1383 4008 minora
