3012 4912
798 527 809 620 (
833 527 881 602 50
905 529 919 626 )
972 539 974 544 ’
1338 593 1341 600 .

385 665 484 730 Menae
497 663 643 726 0111100νὶ.
661 665 775 725 llortuo
793 663 935 726 Balduino
951 664 1109 737 Wolsaert,
1131 664 1181 747 qui
1200 665 1375 748 dutverpiac

333 753 660 829 ¹arclridiacouatum‘iu
678 764 800 835 ecclesia
819 765 1017 827 Cameraceusi
1039 765 1221 848 possederat,
1241 766 1377 849 proprius

346 867 376 926 in
390 864 510 928 eeclesia
524 865 680 929 cathedrali
694 864 915 927 archidiaconus
931 864 1128 928 instituendus
1140 878 1203 929 erat
1213 866 1296 948 juxta
1311 865 1377 927 bul-

345 966 403 1028 lam
420 951 575 1029 erectionis
591 966 781 1050 episcopatus.
797 967 924 1032 Soumus
943 967 1040 1050 itaque
1054 967 1181 1050 primum
1195 966 1377 1029 archidiaco-

345 1088 416 1130 num
434 1067 596 1130 nominavit
616 1079 751 1151 nepotem
772 1087 857 1129 suum
876 1067 1015 1132 Jacobum
1034 1069 1070 1131 de
1087 1071 1196 1151 Campo
1216 1071 1300 1151 (Van
1324 1071 1378 1130 deu

350 1170 463 1246 Valde),
478 1167 554 1251 juris
571 1169 704 1231 canonici
717 1169 908 1232 licentiatum.
926 1172 985 1230 llac
1005 1169 1156 1233 occasione
1169 1171 1247 1232 iuter
1265 1169 1379 1252 episco-

346 1290 415 1353 pum
429 1284 459 1332 et
474 1270 633 1353 capitulum
647 1270 742 1354 quoad
753 1270 803 1353 jus
819 1270 1049 1348 archidiaconale
1068 1283 1147 1334 mota
1165 1283 1210 1334 cst
1230 1270 1378 1354 quaestio,

346 1390 436 1454 eaque
450 1369 525 1432 ultra
539 1390 649 1438 aunum
663 1371 781 1452 agitata.
795 1371 913 1453 Ibid'p.
928 1375 997 1434 179.

389 1470 1380 1554 157101101101010.10111111800010101100111001111001011011011

347 1565 554 1635 llecblibicnsi.
574 1576 607 1636 ln
631 1573 701 1646 boc,
719 1584 806 1657 pmut
825 1573 854 1635 in
879 1573 972 1655 primo
987 1573 1111 1636 concilio
1129 1573 1241 1656 primus
1259 1585 1380 1656 apparet

348 1686 413 1756 post
429 1673 588 1757 praesidem
604 1675 754 1737 inordine
770 1669 906 1757 p'atrum,
921 1687 951 1746 et
968 1674 1082 1737 decreta
1103 1674 1251 1757 synodal-ia
1272 1674 1379 1756 signat.

348 1774 407 1837 Clr.
422 1777 561 1854 synodici
574 1787 595 1837 t.
611 1779 666 1858 lp.
682 1778 782 1838 16811
797 1795 874 1859 seqq.

388 1880 443 1940 Die
456 1883 491 1940 ll
502 1879 627 1957 ejusdem
637 1881 750 1939 mensis.
764 1876 1022 1939 ‘tumultuantibus
1037 1874 1075 1938 ob
1090 1896 1149 1938 non
1164 1876 1257 1937 soluta
1271 1876 1382 1957 stipen-

348 1977 395 2040 dia
410 1978 547 2060 Hispanis
566 1973 725 2049 militibus,
743 1977 896 2060 episcopus
913 1987 1050 2058 argentea
1067 1997 1118 2038 sua
1139 1987 1178 2038 et·
1190 1975 1309 2038 mobilia
1322 1977 1382 2038 dis-

349 2077 436 2139 traxit
449 2077 485 2140 ad
499 2077 727 2140 subveniendum
743 2075 882 2139 civibusa
896 2077 1002 2160 quibus
1013 2076 1134 2159 pecunia
1147 2076 1381 2159 extorquebatur.

391 2181 453 2242 lloc
477 2179 566 2243 etiam
586 2199 664 2241 anno
684 2191 764 2242 mota
780 2177 911 2263 quaestio
932 2199 949 2240 a
967 2178 1094 2262 capitulo
1113 2179 1263 2240 occasione
1282 2163 1401 2240 sacelli*

349 2279 524 2342 lesuitarmn
545 2292 574 2342 et
597 2280 750 2342 erectionis
765 2280 917 2363 parochiae
937 2280 966 2340 in
988 2281 1098 2342 Castro.
1117 2278 1182 2340 Vid.
1196 2279 1383 2351 lliercxsens,

351 2400 399 2462 op.
414 2379 463 2441 cit.
479 2391 549 2442 tom.
564 2383 588 2443 V
603 2401 631 2462 p.
648 2383 704 2442 187
720 2392 749 2443 et
764 2401 842 2464 seqq.
958 2389 961 2394 “

392 2484 482 2554 1575,
501 2486 580 2543 circa
596 2483 720 2543 Pcscba.
739 2483 866 2544 800οἰ00
882 2493 1031 2543 consecrat
1046 2501 1150 2543 noram
1165 2481 1314 2542 eeclesiam
1334 2485 1381 2542 le-

350 2581 506 2653 suitarum,
525 2580 630 2666 quibus
651 2602 729 2643 anno
755 2587 828 2645 1571
849 2603 933 2644 usum
948 2581 1044 2644 sacelli
1059 2581 1210 2643 domestici
1225 2579 1382 2642 interdixe-

350 2695 404 2744 rat.
426 2684 480 2765 Op.
502 2683 550 2744 cit.
574 2686 638 2746 tl'
661 2687 784 2767 plot,
806 2685 1001 2746 18511005.
1023 2718 1060 2729 -
1082 2681 1172 2744 Paulo
1194 2694 1260 2764 post
1279 2701 1381 2743 eorum

349 2781 464 2845 scholae
474 2793 591 2865 apertae
604 2794 685 2856 sunt,
702 2795 851 2866 praesente
865 2783 1011 2866 episcopo.
1025 2784 1100 2845 ibid.
1117 2803 1144 2865 p.
1160 2785 1228 2844 007.

389 2885 488 2947 Mense
501 2888 607 2964 aprili,
630 2885 784 2948 terminata
802 2885 932 2968 quaestio
948 2884 1026 2946 inter
1039 2884 1206 2967 episcopum
1221 2896 1251 2946 et
1268 2883 1383 2966 capitu·

350 2983 411 3047 lum
427 2984 521 3067 quoad
534 2985 710 3047 erectionem
724 2983 983 3047 archidiaconatus
998 2985 1072 3046 lbt'd.
1088 3005 1115 3066 p.
1132 2986 1201 3046 008.

389 3071 488 3148 Mense
499 3088 589 3165 julio,
605 3086 759 3148 terminata
774 3085 861 3147 etiam
876 3086 912 3148 lis
926 3105 1013 3166 super
1024 3086 1169 3148 erectione
1181 3084 1334 3168 parochiae
1351 3085 1381 3147 iu

350 3188 460 3249 Castro.
476 3188 548 3249 utu.
561 3207 589 3269 p.
604 3190 673 3250 010.

393 3291 486 3362 1576,
501 3287 633 3350 0101100.
645 3288 778 3371 Synodus
789 3287 956 3350 dioecesana
968 3289 1102 3350 secunda.
1115 3285 1178 3348 Vid.
1192 3306 1278 3369 supra
1288 3299 1358 3348 sect.
1372 3290 1384 3347 l

351 3409 412 3471 cap.
429 3392 447 3449 0
463 3409 490 3471 p.
506 3393 547 3451 bs

393 3490 501 3553 Eodem
521 3511 598 3553 anuo
622 3495 725 3554 01109
740 3496 837 3571 junii,
858 3491 985 3552 Sounius
1006 3490 1243 3573 septuagenarius
1262 3501 1383 3550 naturae

351 3591 450 3662 cessit,
464 3592 557 3673 magis
570 3603 665 3654 tamen
678 3592 864 3654 laboribuset
875 3591 961 3654 rebus
972 3591 1099 3652 adversis
1109 3612 1194 3674 quam
1207 3590 1291 3652 aunis
1306 3589 1383 3651 srac-

353 3703 407 3753 tus.
423 3693 606 3755 Testamenta
628 3695 674 3777 pie
694 3693 812 3755 condito
832 3692 940 3774 legavit
958 3692 1015 3754 duo
1034 3692 1124 3753 millia
1141 3693 1314 3753 lloreuorum
1336 3691 1383 3752 lu-

351 3804 418 3853 1010
433 3792 603 3856 elericorum
622 3794 777 3873 seminario
797 3792 1012 3875 Autverpiensi‚
1034 3813 1122 3874 pauca
1144 3793 1230 3853 etiam
1249 3790 1383 3853 abbatiae

353 3889 381 3954 S.
403 3894 558 3967 bernardi,
577 3881 660 3977 cujus
678 3895 866 3977 proventibus
887 3908 918 3956 et
938 3893 1073 3956 abbatiali
1092 3893 1234 3974 dignitate
1256 3892 1382 3973 gaudere

353 4006 485 4076 coeperat
497 3994 532 4055 ab
543 4015 619 4057 anno
631 4000 717 4068 1570,
726 4008 790 4077 post
800 4008 913 4078 turpem
924 3996 1020 4082 lugam
1033 4007 1059 4055 ct
1073 3994 1244 4076 apostasiam
1254 3992 1382 4055 Thomac
