3034 4908
558 462 700 558 (aba)

115 599 219 662 deinde
239 599 275 661 ad
297 601 432 662 comitem
454 600 489 661 de
509 601 678 682 Cantecrop.
700 597 887 661 Dividebatnr
911 598 1023 661 decima
1042 600 1073 662 in
1095 621 1144 662 sex

115 701 292 783 manipulos,
306 719 430 784 quorum
444 712 571 782 quatuor
583 699 761 782 percipiebat
770 697 1019 762 comnlendatoria
1030 701 1144 763 Pilzen·

115 802 237 882 burgica
251 795 435 874 llecbliniae,
453 823 545 865 unum
566 801 697 876 ecclesia,
713 801 836 866 alterum
850 802 1003 885 parochus.

463 965 500 1014 17.
518 967 591 1016 breno
602 967 758 1016 olimlnnno.
777 968 802 1016 G.
825 1023 828 1030 ,

157 1092 279 1152 Constat
288 1110 323 1152 ex
334 1088 426 1151 literis
440 1088 641 1171 episcopocum
657 1091 906 1152 Cameracensium
922 1091 1081 1153 burchardi
1096 1112 1143 1153 an.

118 1193 198 1252 liat
208 1201 237 1251 et
246 1189 373 1252 Lietardi
386 1193 671 1269 anllbbcopellam
681 1193 714 1251 de
725 1193 811 1253 Linlo
821 1189 897 1252 infra
908 1190 1050 1253 ambitum
1062 1212 1146 1275 paro·
1166 1261 1169 1266 ,

117 1289 200 1352 chiae
210 1290 240 1352 S.
252 1289 400 1351 Michaelis
412 1289 586 1372 Antverpiae
597 1289 666 1351 olim
682 1289 771 1352 luisse
784 1303 966 1364 contentam,
978 1313 1051 1374 quae
1062 1314 1146 1376 paro-

117 1389 183 1452 cbia
198 1411 265 1452 cum
280 1390 487 1453 canonicorum
500 1391 622 1472 collegio
636 1393 672 1453 ad
686 1391 785 1454 aedem
800 1395 832 1454 B.
852 1393 958 1454 blaciae
971 1396 1005 1454 V.
1022 1396 1146 1458 transiit.

118 1493 196 1553 Hinc
210 1491 343 1553 canonici
358 1492 543 1575 possidebant
556 1492 682 1554 decimas
699 1494 729 1555 in
745 1493 833 1566 Lillo,
849 1506 878 1557 et
892 1494 1080 1578 conferebant
1095 1517 1146 1559 ou·

118 1613 182 1655 ram
194 1593 366 1675 pastoralem
381 1593 518 1656 ecclesiae
528 1596 557 1656 S.
568 1594 726 1657 Benedicti.

160 1697 251 1756 Vetus
272 1694 434 1777 parochiale
456 1695 595 1778 templum
612 1707 641 1758 et
655 1696 745 1758 turnis
766 1695 888 1759 feudalis
908 1697 978 1760 olim
997 1699 1113 1762 condita
1131 1719 1147 1761 a

119 1795 268 1858 Ludovico
287 1794 419 1858 Maleano
443 1795 595 1859 Flandriae
617 1797 737 1869 comite,
762 1795 798 1858 ad
821 1817 906 1880 quem
926 1797 1089 1862 dominium
1113 1784 1149 1862 de

118 1897 195 1960 Lillo
210 1898 351 1981 pertinuit
361 1897 428 1980 jure
443 1899 544 1960 uxorio
563 1921 654 1983 usque
670 1899 706 1962 ad
724 1919 770 1962 an.
788 1903 865 1963 1566
876 1904 898 1975 ¹,
913 1914 1082 1986 caeteraque
1098 1923 1150 1965 an·

118 2001 203 2083 tiqua
215 1998 345 2062 aedificia
361 2000 401 2061 ita
415 2021 466 2083 per
479 2020 618 2083 aquarum
634 2001 839 2064 inundationes
852 2003 1014 2083 perierunt,
1029 2017 1063 2065 ut
1077 2004 1150 2067 nibil

120 2121 241 2185 prorsus
261 2121 360 2163 eorum
384 2120 532 2184 superesse
553 2121 605 2162 suo
622 2101 684 2183 jam
706 2112 837 2184 tempore
856 2102 933 2165 dicat
955 2106 994 2164 Le
1009 2106 1084 2186 laoy,
1104 2125 1150 2186 op.

119 2202 171 2264 cit.
191 2224 218 2284 p.
235 2205 303 2265 362.

489 2342 527 2393 18.
546 2345 675 2394 Merionen.
693 2345 788 2395 (1.500.

162 2469 307 2528 llencicus
318 2464 426 2528 Bredae
436 2465 573 2529 dominus
586 2487 663 2529 anno
676 2471 752 2530 {267
765 2467 902 2540 contulit,
915 2467 1055 2551 probante
1067 2470 1152 2548 Nico·
1211 2465 1213 2468 ’

120 2567 168 2640 lao
180 2566 315 2648 episcopo
324 2565 593 2646 Cameracensi,jos
599 2578 776 2644 potronatus
785 2579 998 2645 etparsonotos,
1008 2575 1067 2632 ricc
1077 2574 1153 2635 olto·

123 2674 176 2729 rio
189 2670 370 2729 ecclesiaram
383 2670 417 2729 de
430 2668 531 2730 Scoten
544 2669 613 2728 etde
625 2669 766 2731 Marenem
779 2671 905 2746 capitulo
916 2671 1021 2730 Bootae
1034 2671 1154 2734 Mariae

121 2776 156 2832 in
168 2773 341 2846 Antocrpin
356 2758 438 2830 solco
446 2788 503 2848 per
516 2771 615 2830 omnio
624 2773 656 2829 in
668 2770 751 2829 dictis
765 2769 833 2847 locis
847 2787 899 2830 suo
912 2770 1039 2830 dominio
1050 2781 1154 2850 tempo·
1265 2763 1266 2768 ’

122 2873 187 2931 roll
197 2869 221 2932 ².
233 2871 275 2930 Eo
289 2867 375 2930 titulo
389 2867 521 2930 canonici
534 2867 686 2929 collatores
701 2866 819 2928 suerunt
830 2866 967 2942 ecclesiae
981 2867 1153 2949 parochialis

121 2973 153 3035 S.
168 2969 391 3032 Bartholomaei.

165 3077 207 3135 De
226 3072 329 3134 iisdem
351 3071 434 3154 pagis
458 3069 568 3133 mentio
588 3081 632 3132 est
654 3070 684 3132 in
706 3067 863 3152 diplomate
883 3090 929 3131 an.
951 3073 1032 3132 1280
1045 3073 1073 3142 ⁵,
1096 3092 1152 3155 quo

122 3172 272 3237 Arnoldus
291 3173 326 3234 de
342 3172 469 3234 Lovanio
483 3171 602 3255 ejusque
615 3192 688 3233 uxor
708 3170 887 3243 Elizabetba,
905 3171 1014 3233 Bredae
1028 3171 1152 3244 domini,

123 3275 258 3338 abbatiae
270 3273 434 3336 villariensi
454 3272 629 3334 confirmant
643 3271 838 3355 possessiones
852 3271 882 3332 in
897 3272 997 3334 Scolon
1011 3283 1039 3333 et
1053 3273 1155 3334 Maro

122 3397 183 3438 son
194 3386 224 3436 et
236 3375 266 3435 in
282 3394 383 3436 eorum
396 3372 523 3436 confinio
537 3371 806 3455 quomodocumque
819 3371 983 3454 acquisitas.

161 3611 169 3640 ¹
188 3614 223 3663 Eo
239 3611 304 3662 enim
318 3625 384 3662 anno
401 3609 536 3661 dominium
553 3609 624 3678 illud,
634 3607 689 3675 jure
705 3607 794 3659 sandali
810 3608 957 3660 Brabantino
973 3609 1156 3676 possidendum,

124 3698 279 3764 transcripsit
288 3697 408 3749 Franconi
418 3697 471 3748 Van
487 3695 563 3747 Halen
575 3695 658 3762 equiti.

160 3787 171 3817 ¹
188 3785 256 3850 Apud
268 3782 401 3850 ldiraeum,
413 3791 472 3832 tom.
485 3783 507 3849 1,
518 3797 542 3846 p.
553 3782 610 3832 516.

161 3871 172 3901 ⁸
189 3869 257 3935 Apud
269 3867 386 3936 butkens,
398 3867 613 3934 lbopltiee‚,tom.
623 3868 646 3934 1,
659 3867 753 3918 Prono.
765 3881 789 3930 p.
800 3867 857 3916 ale.
