2978 4916
807 470 948 569 (rsa)

362 611 581 696 episcopatuum
597 609 771 674 erectionem
790 609 914 674 dioecesi
932 609 1082 674 Leodiensi
1098 609 1230 686 suberat,
1248 611 1387 695 originem

363 733 446 776 suam
460 713 605 776 veteribus
620 713 727 776 Bredas
736 713 866 796 dynastis
876 711 973 774 refert.
984 715 1055 774 llam
1066 733 1141 776 noun
1154 713 1235 788 ebori
1245 727 1387 776 structure

362 835 409 877 an.
422 818 501 878 tito
511 814 666 898 complevit
676 814 1040 896 lingelbcrtusNassovius.
1052 818 1169 878 Praeter
1181 817 1210 879 S.
1221 816 1388 890 barbaram,

362 935 435 998 quae
452 927 573 999 patrona
589 915 758 978 secundaria
777 927 853 988 erat,
872 928 1023 998 patronam
1042 915 1194 978 tutelarem
1216 917 1388 999 agnoscebat

363 1020 395 1078 B.
411 1017 530 1078 Mariam
547 1017 705 1098 Virginem.

402 1124 434 1181 ln
453 1119 506 1182 hac
523 1119 644 1183 ccclesia
661 1137 738 1182 anno
758 1123 840 1182 1505
851 1118 1003 1182 fundatum
1018 1131 1062 1182 est
1075 1119 1235 1203 capitulum
1251 1121 1387 1184 tredecim

362 1221 568 1284 canonicorum
583 1241 648 1283 cnm
661 1221 769 1282 decano
782 1241 833 1302 por
843 1220 982 1282 Jacobum
992 1223 1104 1304 Consey
1115 1221 1331 1304 presbyterum,
1344 1225 1387 1286 ln·

360 1329 492 1385 uestitum
508 1343 558 1386 seu
578 1335 720 1404 pastorem
739 1325 773 1384 dc
791 1321 883 1394 (iilos,
898 1325 1035 1384 monum
1048 1325 1387 1399 contremiscerem

361 1421 517 1496 decanatus
528 1422 631 1485 ruralis
642 1421 891 1486 llilvarebelrensis
901 1421 1191 1506 archipresbyterum.
1200 1424 1389 1489 Fundationis

357 1524 489 1607 diploma
503 1524 610 1605 legitur
621 1523 698 1608 apud
710 1524 856 1594 idiosum,
873 1535 943 1585 tom.
954 1527 978 1595 l,
994 1545 1021 1605 p.
1036 1527 1105 1586 stt.

400 1626 566 1710 Capitulum
578 1613 661 1689 novis
676 1624 894 1688 fundationibus
908 1625 988 1688 auxit
1002 1627 1078 1690 Raso
1093 1625 1129 1688 dc
1142 1627 1267 1699 Gavcra,
1281 1627 1388 1690 Bredas

360 1727 511 1800 dominus,
532 1745 610 1790 anno
630 1731 708 1790 isia
728 1727 788 1789 uita
802 1725 929 1789 iunctus.
945 1727 1137 1790 Fundationis
1154 1727 1311 1812 diplomate
1325 1749 1389 1791 cau-

360 1839 423 1890 tum
437 1841 498 1890 erat
515 1840 548 1889 ut
565 1828 793 1910 praebendarum
813 1827 946 1890 omnium
960 1827 1077 1890 collatio
1090 1841 1233 1911 spectaret
1246 1829 1282 1892 ad
1296 1829 1388 1891 domi·

360 1952 430 1992 num
447 1931 482 1992 dc
497 1931 603 2003 Breda,
617 1931 754 1994 ccclesiae
768 1941 941 2014 patronum
955 1943 1041 2013 atque
1055 1931 1096 1993 ita
1109 1931 1225 1994 collatio
1239 1932 1290 2016 illa
1304 1953 1389 2016 penes

360 2033 505 2116 principes
523 2032 675 2095 Nassovios
695 2033 854 2115 permansit
870 2032 1010 2116 usquead
1026 2033 1145 2116 capituli
1166 2035 1388 2106 extinctionem,

358 2153 432 2217 quae
446 2133 520 2196 facta
532 2144 574 2196 est
588 2154 665 2196 anno
679 2135 755 2196 1657
766 2137 792 2207 ¹,
808 2143 948 2215 occupata
959 2133 1048 2195 armis
1058 2133 1284 2196 Foederatorum
1299 2135 1387 2220 belgii

359 2235 503 2298 Ordinum
518 2233 589 2296 urbe
603 2232 747 2306 Bredana‚
764 2233 925 2315 proscripto
940 2233 1032 2294 avitae
1047 2232 1196 2316 religionis
1210 2236 1346 2300 exercitio
1360 2245 1387 2298 et

360 2335 506 2398 translatis
519 2334 555 2396 ad
569 2333 728 2397 haereticos
742 2333 953 2396 catholicorum
968 2335 1093 2417 templis.

400 2443 424 2498 Α
437 2426 563 2519 capitulo
572 2433 733 2517 eligebatur
744 2433 885 2506 decanus,
899 2434 1116 2498 confirmandus
1128 2435 1310 2520 abepiscopo
1322 2440 1388 2498 Leo

362 2539 464 2600 diensi.
487 2542 618 2600 Decanus
632 2558 697 2598 curn
719 2536 846 2619 capitulo
865 2534 1034 2609 conferebat
1055 2537 1245 2620 capellanias,
1260 2539 1386 2620 regimen

359 2640 522 2703 scholarum
540 2649 569 2701 ct
582 2637 638 2701 alia
652 2633 788 2700 ecclesiae
802 2633 904 2699 cilicia.
967 2647 969 2654 '

357 2805 360 2812 ,
401 2743 505 2822 Magna
514 2741 584 2802 olim
596 2740 626 2802 in
639 2737 688 2802 illa
701 2738 822 2818 ecclesia
835 2749 897 2801 crat
908 2738 1055 2800 veneratio
1070 2751 1133 2801 tum
1147 2760 1215 2821 erga
1227 2739 1388 2811 venerabile

360 2844 410 2905 SS.
426 2842 623 2905 Eucharistiae
636 2844 868 2913 Sacramentum,
881 2841 957 2924 quod
972 2839 1008 2903 ab
1019 2859 1096 2902 anno
1112 2845 1191 2904 1500
1206 2842 1388 2904 uariismita-

361 2943 435 3008 culis
451 2943 601 3015 inclaruit,
622 2955 685 3006 turn
701 2963 770 3023 erga
790 2943 820 3004 S.
839 2943 959 3004 Crucem
981 2941 1088 3024 pariter
1103 2942 1317 3009 miraculosam.
1332 2941 1386 3006 Cfr.

354 3046 546 3120 ,Wiobmaos
562 3048 704 3109 Brobunt.
720 3047 854 3110 Marion.
870 3065 897 3126 p.
913 3046 981 3106 510.

730 3249 826 3314 Series
837 3251 1020 3313 decanorum.

401 3409 422 3470 1.
446 3409 587 3470 Hmricns
608 3405 642 3470 de
661 3405 787 3472 camere
801 3408 913 3490 primos
930 3405 1056 3470 decanus
1076 3423 1092 3468 a
1111 3401 1266 3470 fundatore
1283 3405 1386 3472 consti·

361 3519 442 3571 tutus
457 3529 494 3570 an
507 3509 596 3572 1505.

401 3612 434 3674 ll.
456 3613 639 3696 bonifacius.

395 3808 403 3838 ¹
421 3811 455 3862 ite
472 3805 641 3862 collationibus
654 3809 847 3876 praebendarum
864 3821 903 3861 ao.
920 3807 986 3861 teas
1001 3807 1153 3861 auniiiebno
1164 3809 1267 3862 turiaco
1282 3805 1386 3874 principe

362 3895 431 3947 lactis
443 3896 534 3946 mentio
547 3896 620 3946 estin
636 3891 736 3962 epistola
751 3894 871 3946 uuillelmi
884 3895 984 3946 Pamelil
995 3897 1026 3946 erl
1040 3898 1162 3947 loannem
1174 3909 1188 3946 a
1199 3897 1316 3964 Strepsa,
1325 3893 1385 3959 epie-

361 3997 449 4052 cepam
461 3981 711 4050 ttiddelburpensem,
721 3983 785 4048 apud
796 3981 928 4050 Minaeum,
942 3990 1001 4034 tom.
1012 3983 1060 4050 lii,
1068 3998 1092 4049 p.
1104 3983 1161 4033 189.
