3012 4912
171 1469 407 1518 unsruucurortlus
428 1471 636 1531 Plsronluas,
655 1470 796 1517 utuntur
816 1469 853 1516 ET
875 1469 1000 1528 curcul,
1018 1470 1150 1528 turuouu

212 1579 396 1627 nocentem
415 1581 454 1628 Ao
480 1579 646 1628 ulsuomau
670 1578 708 1625 ET
734 1577 928 1625 ulsclrulrlnll
949 1577 1151 1626 EPlSGOPA'l'US

212 1688 450 1736 uurvssurlunsls
472 1688 665 1737 SPEGTAN'I'lA.

595 1908 719 1929 *⁴0⁴*-

410 2230 552 2294 Editoris
568 2231 740 2295 clementio
756 2234 897 2312 praevio.

185 2449 328 2518 Tertiam
347 2449 515 2540 aggredior
530 2451 733 2520 collectionis
749 2461 878 2522 nostrae
893 2462 1015 2541 partem
1032 2471 1088 2522 seu
1105 2473 1171 2522 sec-

142 2558 280 2640 tionem,
308 2559 343 2625 in
368 2579 430 2647 qua
455 2559 488 2626 in
514 2559 628 2648 primis
653 2559 831 2630 exhibenda
854 2570 931 2629 sunt
958 2559 1168 2643 documenta,

139 2687 220 2756 quae
235 2668 342 2736 solent
361 2667 501 2758 episcopi
521 2679 609 2737 extra
629 2669 787 2758 synodum
807 2679 862 2737 aut
880 2668 1074 2738 decanorum
1090 2690 1168 2738 con·

137 2776 341 2864 gregationes
355 2777 503 2865 evulgare
518 2777 557 2844 ad
574 2777 651 2844 cleri
666 2796 704 2846 ac
718 2777 829 2867 populi
844 2776 1012 2867 spirituale
1026 2797 1168 2848 commo·

138 2886 232 2965 dum,
249 2895 285 2953 ut
304 2889 453 2970 poscenda·
468 2886 502 2953 in
522 2886 666 2955 Ecclesia
684 2886 811 2954 muneri
828 2886 906 2975 ipsis
920 2886 1076 2956 divinitus
1090 2908 1167 2958 cou-

136 2995 260 3063 credito
277 2995 339 3063 rite
354 2994 560 3063 satisfaciant.

181 3103 228 3172 De
248 3103 499 3172 instructionum
520 3113 552 3173 ot
575 3104 801 3172 mandatorum
822 3103 1032 3194 pastoralium
1057 3104 1167 3173 indole

137 3223 233 3300 atque
246 3232 323 3292 usu,
336 3211 414 3280 satis
428 3232 585 3301 superque
597 3212 793 3301 disputatum
804 3224 853 3283 est
865 3213 898 3281 in
915 3215 1066 3298 Synodici
1077 3225 1165 3283 tomo

136 3320 166 3388 ll
183 3341 276 3410 pagg.
292 3325 451 3390 ool-333.

181 3429 275 3512 Quod
288 3448 361 3500 roro
375 3429 471 3518 hujus
487 3416 616 3500 nostrae
625 3433 799 3518 Spoopseos
811 3431 950 3501 indicem
963 3431 1167 3521 chronologi·

135 3559 210 3607 cum
232 3539 366 3621 attinet,
388 3559 455 3608 rem
477 3559 606 3608 omnem
630 3540 674 3608 ita
697 3541 878 3629 comparari
897 3552 929 3608 et
949 3540 1111 3628 disposui,
1133 3552 1166 3608 ut

135 3647 177 3715 ab
200 3648 403 3737 episcopatus
424 3648 585 3716 erectione
609 3668 663 3716 an.
686 3651 773 3718 1559
796 3648 959 3736 usquead
983 3648 1072 3717 illius
1091 3669 1166 3738 sup·

135 3759 335 3846 pressionem
355 3778 408 3826 an.
426 3761 513 3828 1802
530 3759 612 3826 serie
627 3757 781 3827 continua
797 3779 863 3826 nou
879 3768 1004 3826 tantum
1022 3759 1166 3828 indicen-

135 3877 190 3933 tur
205 3867 436 3935 instructiones
450 3867 640 3954 pastorales,
654 3867 802 3935 mandata
814 3878 845 3935 et
857 3867 975 3948 edicta,
992 3867 1047 3935 sed
1059 3877 1091 3936 et
1104 3867 1167 3935 alia

134 3974 267 4062 quaevis
288 3975 480 4045 documenta
497 3974 710 4064 (cumrerum
730 3977 970 4065 praecipuarum
991 3976 1032 4044 ab
1047 3975 1168 4064 episco-
