2978 4916
587 464 599 556 (
625 461 692 533 25l
725 464 738 558 )

142 598 218 660 Pali.
230 597 327 660 Rebus
339 617 406 658 mox
417 596 552 671 turbatis,
564 610 678 660 mortua
690 601 802 681 regina,
815 600 844 660 iu
861 599 990 680 Belgium
1002 600 1038 662 ad
1049 602 1175 683 primum

140 698 242 760 locum
263 697 419 760 redierunt.
441 698 541 779 Belgio
561 699 670 781 pariter
689 720 739 782 per
763 701 894 762 haereses
915 712 944 762 at
962 699 1037 763 bella
1054 701 1176 776 afflicto,

138 801 240 882 primo
250 799 286 860 ad
300 799 479 861 Britanniam
494 800 636 863 minorem
651 801 861 884 confugerunt,
877 800 995 864 demum
1008 814 1073 884 post
1085 822 1177 865 annos

140 899 364 983 quatuordecim
381 922 411 962 sa
431 902 461 962 in
482 902 659 964 Lusitaniam
684 914 872 984 receperunt,
895 902 945 964 ubi
968 904 1177 966 monasterium

141 1002 328 1085 splendidum
350 1015 379 1064 at
397 1004 553 1084 insigniter
573 1004 705 1067 dotatum
727 1005 798 1088 ipsis
820 1005 910 1066 erexit
930 1005 1006 1102 circa
1029 1025 1075 1068 an.
1099 1008 1178 1069 1580

143 1103 354 1186 Hispaniarum
369 1123 419 1166 rex
435 1104 586 1188 Philippus
601 1108 633 1166 ll.

298 1307 323 1346 v.
343 1292 503 1346 Cauourssnu
524 1305 675 1348 adductans
694 1308 801 1348 onnrnrs
820 1292 846 1346 S.
867 1291 1022 1348 decusatur.

190 1447 263 1507 Octo
282 1444 427 1528 prioratus
445 1444 475 1507 in
493 1427 617 1508 dioecesi
637 1445 818 1516 habuerunt,
841 1443 969 1528 quinque
989 1444 1177 1527 Antverpiae,

147 1566 240 1607 unum
257 1550 347 1628 Lyrae
361 1557 389 1607 et
405 1544 477 1607 duos
492 1546 522 1606 in
535 1545 737 1610 marchionatu
753 1545 976 1628 Bergizomensi.

190 1654 217 1709 1.
239 1647 388 1708 Prioratus
403 1649 439 1708 B.
453 1629 574 1710 Mariae
588 1648 717 1729 Virplola
724 1660 925 1726 praesentatae
937 1646 1074 1709 fundatos
1086 1646 1180 1709 luerat

146 1769 225 1809 anno
239 1751 317 1810 rtet
330 1747 446 1829 inpage
460 1748 495 1809 de
509 1747 639 1810 Oostrnal
654 1770 705 1831 per
718 1749 858 1810 loannem
873 1751 936 1811 Van
952 1747 1004 1810 der
1016 1747 1176 1820 Schueren,

147 1847 211 1932 ejus
223 1848 289 1931 pagi
302 1847 481 1930 indigenam,
496 1849 614 1912 lratrem
630 1849 780 1932 cujusdam
795 1849 892 1930 Egidii
908 1850 1043 1912 monachi
1058 1852 1180 1912 Corsea-

147 1949 273 2012 doncani
289 1951 318 2011 in
340 1949 502 2013 sanctitatis
523 1951 660 2033 opinione
678 1950 808 2013 defuncti
826 1971 872 2012 an.
893 1954 982 2013 1185.
1001 1949 1180 2013 Coenobium

147 2052 293 2134 spirituali
312 2052 610 2114 Corsendoncensium
631 2053 767 2134 regimini
788 2052 951 2136 subjeetum
971 2051 1027 2114 snit
1041 2072 1131 2134 usqne
1145 2052 1181 2113 ad
1207 2129 1210 2134 ,

148 2177 197 2218 an.
223 2160 314 2228 1616,
338 2157 454 2241 quando
476 2157 651 2219 monialibus
673 2158 757 2219 datus
781 2169 824 2218 est
844 2157 971 2218 director
993 2179 1027 2218 ex
1051 2157 1180 2240 prioratu

150 2257 268 2320 Rubeae
278 2255 376 2320 Vallis.
392 2257 556 2340 Religiosae
571 2257 751 2320 fundationis
761 2257 859 2320 locum
871 2256 1049 2329 deserentes,
1064 2257 1180 2318 tandem

149 2360 337 2442 antverpiam
349 2359 596 2441 commigrarunt,
611 2359 708 2443 ibique
716 2358 799 2442 juxta
813 2359 908 2422 lorum
920 2359 1061 2421 Borinum
1077 2379 1181 2422 novam

149 2459 358 2523 habitationem
372 2472 538 2533 erexerunt,
553 2472 582 2522 et
596 2481 701 2524 nomen
720 2463 894 2523 Oostmollen
905 2461 1089 2523 retinuerunt
1098 2464 1119 2520 ¹.

192 2566 220 2622 2.
242 2562 328 2625 Falco
352 2562 387 2623 de
407 2566 564 2645 Lampage‚
589 2563 746 2625 eanonicus
766 2575 795 2624 et
816 2558 927 2627 ducalis
946 2574 1080 2624 monetae
1102 2582 1183 2645 prae-

152 2661 261 2735 lectus,
282 2664 358 2724 circa
378 2683 425 2724 an.
451 2666 528 2726 1550
543 2663 573 2724 in
595 2661 685 2724 suado
700 2683 752 2724 suo
770 2665 964 2742 Faenus-Hos
975 2663 1103 2725 instituit
1116 2662 1183 2725 hos·

151 2763 258 2844 phale,
282 2765 359 2846 qnod
386 2764 434 2842 diu
458 2784 515 2826 non
541 2765 634 2836 stetit;
660 2764 767 2847 quippe
795 2763 830 2824 ab
859 2763 950 2846 ipsius
972 2764 1053 2825 obitu
1077 2763 1182 2828 cuncta

151 2887 225 2957 qnae
245 2866 410 2950 possederat
434 2865 503 2928 fisco
525 2865 604 2947 regio
629 2863 742 2926 addicta
764 2862 891 2925 luerunt.
911 2867 1036 2926 loannes
1056 2863 1092 2925 de
1107 2863 1182 2927 Wit-
1293 2895 1296 2904 ›

153 2967 246 3041 them,
265 2967 334 3028 baro
353 2965 388 3028 de
404 2969 582 3038 Bautersem,
604 2965 701 3028 locum
717 2985 732 3026 a
748 2965 816 3026 fisco
832 2964 969 3037 redemit,
989 2976 1018 3026 et
1032 2985 1080 3026 sex
1094 2965 1183 3044 virgi·

152 3067 240 3131 nibus
267 3067 396 3150 regulam
424 3069 452 3130 S.
478 3066 625 3128 Francisci
653 3065 790 3148 professis
813 3065 965 3128 concessit.
986 3065 1054 3128 lllae
1078 3065 1183 3128 deinde
1213 3107 1216 3110 -

152 3169 312 3232 claustrum
338 3181 368 3230 et
393 3167 523 3250 regulam
546 3169 575 3229 S.
601 3166 758 3248 Augustini
779 3177 1011 3248 assumpserunt,
1027 3177 1183 3252 *annuente

152 3275 263 3334 launna
279 3269 414 3352 episcopo
434 3268 649 3340 cameracensi,
669 3267 717 3328 die
736 3272 772 3329 ll
788 3267 916 3348 januarii
938 3268 1032 3336 1111,
1050 3265 1099 3346 qni
1119 3266 1182 3326 loco
1256 3347 1258 3353 A

152 3392 260 3434 nomen
275 3370 355 3434 dedit
368 3371 443 3434 ona
459 3372 541 3432 Lleac
558 3371 698 3433 l'rouwea
712 3373 784 3432 Daal
795 3374 830 3430 'ta
846 3369 1058 3458 l'allteabroecla.
1071 3369 1184 3428 Manas-

153 3474 244 3544 terio,
262 3472 339 3557 quod
355 3470 481 3555 capitolo
501 3470 731 3532 Windesemensi
751 3471 967 3552 incorporatum
987 3467 1057 3541 luit,
1077 3488 1182 3529 nomen

154 3575 273 3637 Facoas
282 3573 411 3636 adhaesit
423 3575 447 3634 ².
459 3575 500 3635 Eo
513 3593 528 3633 a
540 3572 629 3634 Gallis
643 3593 812 3657 suppresso,
828 3571 957 3634 aedificia
969 3571 998 3634 in
1011 3569 1096 3633 cellas
1108 3569 1184 3632 mili·

155 3688 233 3748 tares
247 3677 418 3754 (Cesaram)
434 3695 572 3738 conuersa
586 3685 664 3738 suut.

189 3889 197 3918 ¹
216 3887 437 3954 vacanietatibus,
449 3903 488 3952 op.
502 3887 543 3938 cit.
555 3895 613 3938 tom.
626 3888 681 3952 vu,
695 3903 715 3950 p.
730 3888 784 3935 5¹6.

188 3973 197 4000 ²
216 3972 263 4023 Gir.
276 3973 429 4040 lliercnsens,
442 3982 500 4024 tom.
512 3975 546 4038 11,
558 3989 582 4036 p.
595 3975 650 4024 195.
