3012 4912
773 473 889 565 (tt)

322 609 448 690 parando
462 631 522 670 esse
536 609 572 670 ad
585 608 778 670 inchoandum
794 609 919 671 ollicium
936 608 1155 692 dirinumjuxta
1170 607 1346 670 breviarium

320 727 472 772 romanum
484 713 512 772 in
525 711 685 772 Adventum
698 711 874 793 proximum,
886 723 918 772 ut
928 722 1041 772 constat
1055 731 1087 771 ex
1102 710 1173 771 actis
1187 709 1306 792 capituli
1320 711 1344 766 ¹.

361 810 479 872 Minime
496 809 687 872 dubitandum
702 823 759 882 est,
775 811 846 871 illud
863 811 995 872 ellectum
1015 810 1101 872 luisse
1115 831 1200 892 opera
1216 808 1345 890 episcopi

320 910 466 972 Guilielmi
480 912 514 972 de
529 912 662 992 Bergbes.
676 914 738 972 Jarn
758 912 834 972 enim
848 912 974 974 Sonnios
988 915 1018 972 in
1035 913 1125 994 prima
1147 912 1256 993 synodo
1276 930 1345 992 pro-

318 1011 436 1073 vinciali
455 1012 651 1073 blecbliniensi
667 1012 702 1072 de
716 1011 879 1094 recipiendo
897 1012 1037 1073 breviario
1054 1033 1171 1073 romano
1186 1011 1345 1072 sollicitum

319 1131 350 1172 se
369 1112 553 1193 praebuerat,
568 1125 596 1174 et
614 1113 674 1194 ipsa
693 1113 818 1195 synodus
835 1113 880 1174 tit.
901 1117 936 1173 lV
954 1133 1016 1196 cap.
1040 1117 1078 1175 16
1099 1112 1296 1182 mandaverat,
1312 1122 1346 1172 ut

320 1231 413 1273 omnes
427 1233 483 1273 sese
497 1216 702 1274 accommodent
716 1219 748 1274 in
762 1219 874 1274 11111111
889 1216 1040 1275 Horarum
1058 1217 1149 1274 torturi
1165 1215 1258 1274 bullae
1273 1232 1346 1290 opo-

319 1316 434 1374 stob'ooe
445 1334 499 1391 per
514 1315 601 1374 Pium
613 1334 725 1392 popam
741 1315 865 1375 Veditoe
879 1325 904 1374 et
917 1317 963 1374 bic
971 1316 1141 1392 publicatae.

360 1412 536 1474 Breviorium
551 1413 623 1474 illud
633 1414 854 1494 Antverpiense‚
867 1413 1108 1495 praeloercusum
1120 1410 1247 1475 Venetiis
1261 1413 1340 1473 1196

321 1511 433 1574 duobus
451 1513 538 1574 tomis
552 1513 642 1584 in-8⁰‚
658 1512 771 1574 videtur
787 1513 835 1573 diu
860 1512 946 1574 luisse
967 1513 996 1573 in
1019 1534 1071 1574 usu
1091 1525 1245 1594 antequem
1268 1510 1346 1593 typis

320 1613 435 1694 vulgata
450 1626 518 1675 sunt
529 1612 709 1696 exemplaria.
721 1617 797 1674 Haec
809 1615 878 1675 adeo
890 1614 1031 1675 habentur
1042 1635 1118 1684 rare,
1134 1627 1165 1675 ut
1176 1613 1346 1674 llieroxsens

320 1714 397 1775 dicat
413 1735 442 1774 se
461 1715 518 1775 duo
533 1726 646 1775 tanturn
664 1714 836 1796 exemplaria
856 1714 991 1776 editionis
1011 1717 1135 1784 Venetae
1153 1713 1278 1796 reperire
1293 1733 1346 1794 po-

320 1817 421 1888 tuisse,
447 1835 535 1898 eaque
556 1835 614 1875 non
635 1814 755 1894 integra.
776 1815 877 1876 Totius
896 1814 1030 1876 breviarii
1053 1814 1273 1897 descriptionem
1297 1834 1347 1873 ex-

320 1913 400 1976 hibet
414 1935 459 1997 op.
476 1916 523 1977 cit.
536 1925 557 1976 t.
571 1917 607 1976 Vl
623 1935 649 1996 p.
666 1918 810 1977 tou-5⁹22.

360 2015 409 2076 nir
423 2015 508 2076 etiarn
524 2036 582 2076 uon
599 2027 746 2084 constare,
760 2035 796 2075 en
810 2014 968 2096 capitulum
982 2014 1124 2076 dimiserit
1135 2035 1219 2074 snum
1233 2012 1349 2074 brevia-

319 2115 394 2176 rium
416 2129 444 2176 et
463 2117 650 2199 assumpserit
667 2136 835 2187 romanum,
856 2116 923 2198 quin
941 2116 1073 2177 ducentis
1093 2115 1176 2177 annis
1190 2115 1220 2174 in
1236 2134 1349 2196 posses-

319 2217 400 2278 sione
413 2237 471 2278 1111
488 2217 580 2278 luerat
592 2216 678 2299 (quod
689 2216 851 2278 verosimile
863 2237 920 2278 uon
933 2222 999 2294 est);
1015 2237 1051 2277 an
1063 2215 1159 2298 potius
1169 2215 1236 2297 quia
1250 2234 1349 2276 roma·

319 2338 390 2378 nom
418 2319 510 2398 magis
537 2319 673 2401 placeret,
700 2330 730 2380 11
748 2320 777 2379 in
796 2339 829 2381 eo
849 2319 1036 2401 acceptando,
1056 2331 1174 2379 anctore
1194 2317 1350 2400 episcopo,

319 2438 420 2480 omnes
441 2419 571 2480 cononici
593 2420 801 2481 consenserint.
822 2420 906 2494 Quod
924 2432 1021 2481 autem
1043 2440 1093 2501 per
1111 2419 1232 2498 triginta
1253 2436 1347 2479 annos

319 2531 385 2600 post
398 2518 544 2580 decretum
561 2519 741 2601 pontificiam
757 2541 802 2581 res
819 2520 907 2581 dilata
921 2521 973 2590 sit,
989 2517 1212 2580 adscribendum
1227 2531 1270 2580 est
1284 2530 1350 2579 tur·

318 2617 363 2680 bis
377 2619 522 2682 civitatem
545 2620 684 2682 continuo
702 2621 880 2682 vexantibus.
899 2620 993 2682 Simili
1009 2620 1043 2680 de
1058 2640 1142 2681 cause
1158 2620 1187 2680 in
1201 2618 1348 2702 aliquibus

318 2721 482 2805 provinciae
503 2722 716 2785 blecbliniensis
734 2722 861 2784 ecclesiis
881 2725 973 2784 serius
996 2723 1090 2784 adbuc
1108 2743 1192 2784 usum
1210 2721 1345 2784 breviarii

318 2823 430 2885 romani
452 2838 597 2907 receptum
621 2825 723 2896 fuisse,
746 2825 887 2908 conjicere
900 2824 968 2886 lieet
983 2845 1016 2886 ex
1032 2826 1076 2887 111.
1090 2827 1140 2886 1111
1158 2845 1220 2907 cap.
1235 2827 1254 2886 5
1275 2843 1346 2885 con-

318 2924 378 2986 cilii
393 2925 578 3008 provincialis
592 2926 661 2987 anni
677 2929 753 2988 1601
769 2927 793 2987 ⁹.

359 3027 435 3086 Raro
446 3025 561 3087 obvium
577 3039 620 3088 est
634 3027 785 3109 antiquom
801 3028 925 3088 Venetae
939 3025 1076 3088 editionis
1088 3024 1260 3087 breviarium
1273 3027 1347 3084 Ant-

318 3125 479 3207 verpiense3
496 3126 545 3187 sed
565 3138 593 3187 et
611 3127 774 3188 rarissimus
791 3125 848 3186 buc
868 3138 1000 3208 spectans
1018 3125 1146 3198 libellus,
1165 3145 1249 3207 quem
1271 3123 1347 3185 forte

319 3227 434 3289 fortuna
450 3229 526 3288 inter
539 3241 666 3290 veterum
680 3228 845 3290 chartarum
858 3226 976 3288 lacinias
988 3227 1100 3300 inveni,
1116 3227 1226 3287 scilicet
1241 3247 1247 3286 :
1265 3227 1347 3286 Ordo

318 3332 476 3398 celebrandi
489 3333 618 3390 diuinum
632 3331 758 3410 officinm
772 3333 924 3390 seeundum
943 3350 1050 3390 morem
1065 3349 1202 3390 romonae
1216 3330 1348 3388 ecclesiae

315 3449 373 3507 pro
384 3450 460 3490 anno
472 3434 502 3488 M
516 3433 545 3492 b
558 3431 727 3500 XXXHIJ,
740 3431 912 3512 Antverpiae
921 3430 996 3512 apud
1008 3429 1174 3492 Michaelem
1187 3427 1346 3490 llillenium

319 3549 386 3589 curn
407 3530 499 3610 gratia
517 3542 545 3591 et
566 3531 731 3612 privilegio,
752 3551 837 3612 pagg.
858 3534 895 3592 16
917 3531 1012 3592 in-te.
1035 3534 1113 3590 lnter
1134 3529 1199 3591 illos
1218 3527 1346 3598 libellos,

321 3650 392 3710 quos
413 3642 517 3691 vocant
536 3633 728 3692 Dirertoriom
749 3651 798 3692 seu
821 3633 901 3692 Ordo
919 3631 954 3692 ed
973 3629 1026 3692 rite
1040 3629 1224 3692 celebrandos
1243 3628 1347 3690 Missos

352 3868 360 3897 ¹
379 3869 436 3918 Vide
448 3870 573 3935 Synodicr'
584 3878 599 3919 t.
614 3875 623 3922 1
635 3887 659 3934 p.
671 3873 703 3921 59
713 3880 736 3922 et
749 3873 804 3921 101.

354 3954 364 3988 ²
380 3954 416 4004 lb.
431 3958 445 4004 t.
461 3957 470 4005 1
483 3973 505 4020 p.
519 3957 575 4006 58⁹2.
