3012 4912
580 433 698 531 (81)

124 571 195 632 resia
209 570 380 632 nominatur
395 571 431 632 ad
449 571 556 634 infulas
574 572 845 636 Ruraemundenses
863 593 1012 636 successor
1029 575 1149 639 loannis

122 671 242 732 Antonii
271 672 307 732 de
334 671 464 736 Robiano
493 673 527 736 ad
553 675 649 736 sedem
678 674 917 756 hntverpiensem
947 675 1151 739 transferendi.

11 791 12 794 ¹
122 773 219 846 Quum
230 772 279 835 hi'c
287 775 411 856 priorem
423 795 555 856 sponsam
566 776 729 859 relinquere
739 775 841 850 nollet,
853 776 975 859 ipsemet
983 778 1152 841 Dominicus

11 883 12 944 j
122 873 156 933 de
169 873 271 935 Gentis
285 876 543 958 hntverpiensibus
557 879 661 939 tertius
672 897 706 939 ex
716 877 826 940 Ordine
840 881 868 940 S.
885 878 1028 942 Dominici
1044 881 1151 963 episco-

121 995 175 1057 pus
193 974 295 1047 datur,
311 995 362 1056 per
374 975 473 1038 literas
484 997 630 1040 caesareas
650 979 777 1039 Viennae
791 978 913 1058 scriptas
937 979 984 1040 dic
999 983 1038 1041 l8
1052 979 1150 1042 martii

124 1080 216 1147 1719,
227 1077 327 1138 sedato
338 1076 399 1159 jam
412 1076 486 1141 bello
499 1099 657 1162 perpacem
669 1099 768 1142 mense
779 1081 891 1142 octobri
906 1081 976 1142 anni
991 1082 1150 1165 superioris

11 1209 12 1252 ς
121 1179 297 1260 hquisgrani
311 1179 461 1241 sancitam.

162 1281 217 1342 [ru
229 1285 249 1342 5
262 1284 336 1340 mcii
349 1281 495 1362 sequentis
512 1300 528 1341 a
546 1280 700 1343 Benedicta
715 1280 818 1344 XlVin
832 1280 1024 1344 cardinalium
1039 1284 1151 1346 consis-

11 1427 12 1464 3
120 1381 196 1442 torio
213 1379 419 1452 confirmatus,
438 1379 484 1442 die
501 1385 534 1441 11
560 1380 688 1464 ejusdem
707 1381 814 1444 mensis
830 1384 940 1444 Romae
957 1385 1151 1446 consecratio-

11 1535 12 1540 ,
119 1502 185 1542 nem
198 1481 390 1563 episcopalem
402 1482 540 1564 suscepit,
549 1480 579 1542 in
591 1482 711 1544 ecclesia
721 1485 751 1544 B.
761 1481 868 1544 Mariae
880 1482 917 1544 de
930 1485 1017 1556 Pace,
1029 1503 1045 1544 a
1059 1483 1152 1547 cardi·

11 1621 13 1636 ›
121 1582 179 1644 oali
192 1581 298 1644 Cerolo
311 1581 474 1644 Guidohoni
489 1581 665 1645 Caralcbini.

161 1687 217 1747 Die
238 1687 276 1746 19
289 1685 371 1762 junii
394 1683 521 1765 ejusdem
543 1683 612 1745 anni
632 1704 666 1745 ex
688 1683 765 1746 Urbe
786 1681 918 1745 discessit
937 1683 1096 1758 Viennam,
1120 1697 1152 1748 ut

11 1805 12 1864 j
121 1784 301 1868 imperatrici
317 1805 368 1845 sua
382 1797 539 1867 praestaret
551 1785 697 1868 obsequia.
712 1787 764 1848 Die
777 1789 797 1848 8
808 1785 874 1866 julii
890 1784 1072 1868 episcopatus
1087 1807 1152 1871 pos-

121 1890 280 1950 sessionem
296 1889 406 1971 aocepit
421 1909 471 1970 per
491 1901 707 1972 procuratorem
726 1888 893 1972 Philippum
908 1888 1102 1951 Alexandrum
1118 1890 1153 1952 de

11 2057 12 2060 ,
120 1995 212 2062 Cano,
230 1989 402 2052 cathedralis
417 1989 553 2052 ecclesiae
566 1990 724 2062 decanum,
738 2009 823 2074 quem
835 1990 975 2052 uicarium
988 1993 1151 2071 generalem

11 2103 12 2156 ξ
121 2092 288 2154 constituit.

161 2194 276 2256 Vienna
290 2190 439 2253 discedens
453 2211 551 2254 mense
564 2195 704 2272 augusto,
718 2191 905 2273 hntucrpiam
923 2191 1039 2255 advenit
1053 2193 1099 2255 die
1114 2198 1152 2257 l8

121 2293 311 2376 septembris,
329 2305 358 2354 et
374 2292 420 2354 die
437 2296 476 2354 15
491 2291 618 2354 octobris
634 2293 803 2354 solemniter
816 2292 846 2354 in
863 2292 1056 2355 cathedralem
1069 2315 1151 2358 suam

120 2395 273 2458 ecclesiam
285 2393 470 2455 introductus
484 2393 646 2476 episcopale
657 2414 764 2454 munus
778 2393 902 2456 feliciter
918 2395 1085 2477 auspicatus
1098 2403 1151 2457 est.

11 2543 12 2588 4
121 2501 188 2559 hlox
207 2507 299 2558 totam
314 2495 467 2557 dioecesim
487 2494 646 2578 percurrit,
666 2493 812 2556 visitando
834 2494 998 2576 parochias,
1018 2495 1153 2578 parvulos

11 2591 13 2672 Ξ
121 2601 280 2662 chrismate
298 2597 446 2678 ungendo,
466 2597 711 2680 commissumque
727 2597 783 2658 sibi
801 2616 919 2678 gregem
938 2596 1044 2679 pabulo
1061 2597 1152 2660 divini

11 2687 13 2778 Ξ
120 2702 204 2764 uerbi
227 2699 392 2762 nutriendo.
418 2699 490 2761 Mira
510 2698 680 2760 dexteritate
701 2699 865 2781 propositos
881 2697 936 2760 sibi
959 2698 1153 2761 conscientiae

11 2805 12 2848 l
121 2824 208 2866 cesus
219 2802 361 2864 resoluere
376 2801 495 2863 solebat.

164 2907 247 2967 1750
265 2907 310 2964 dte
323 2907 363 2964 15
379 2907 493 2973 martit,
515 2902 618 2964 statuit
632 2900 742 2963 nemini
757 2900 844 2962 licere
861 2920 1006 2962 assumere
1021 2899 1152 2963 habitum

11 3073 13 3094 ,
120 3000 1153 3085 clericalem,nisiadhocscriptisfacultatemobtinueritabepiscopo.

163 3111 204 3170 15
218 3109 299 3168 maii.
314 3105 509 3167 continuatur
524 3103 559 3166 ad
574 3120 683 3165 annum
697 3101 856 3186 prohibitio
870 3102 946 3163 facta
961 3104 999 3162 11
1015 3100 1153 3164 februarii

123 3212 205 3272 1719
217 3228 234 3271 a
248 3207 364 3270 vicariis
379 3206 577 3288 generalibus,
593 3205 661 3268 sede
674 3215 808 3278 vacante,
822 3203 916 3288 quoad
935 3203 1044 3266 milites
1057 3215 1153 3266 trans-

122 3311 208 3394 legas
222 3309 300 3389 asylo
316 3329 373 3370 non
389 3308 582 3390 excipiendos,

166 3415 240 3474 1751
259 3415 305 3472 die
323 3416 340 3471 “1
358 3413 473 3488 aprilis.
489 3409 557 3471 Edit
571 3408 721 3493 epistolam
734 3405 907 3490 pastoralem
920 3425 970 3468 seu
984 3405 1153 3469 instructio·

123 3533 190 3576 nem
207 3532 260 3592 pro
272 3510 398 3594 jubilaeo
413 3531 459 3572 an.
473 3513 561 3573 1750.

164 3615 321 3692 bejrtsdem
336 3616 450 3673 mensis.
463 3616 619 3672 aunuente
638 3610 787 3692 episcopo,
812 3606 964 3670 Eduardus
981 3605 1153 3670 Emmanuel

11 3707 13 3768 Ϊ
122 3716 185 3777 Van
208 3712 355 3774 blechelen
379 3712 415 3773 de
437 3711 592 3783 Berthout,
612 3714 638 3774 J.
659 3713 693 3773 U.
720 3714 751 3772 L.
774 3709 931 3772 canonicus
949 3720 979 3771 et
996 3707 1154 3772 scholaster
1252 3743 1254 3748 =

122 3818 221 3886 hntv„
232 3812 361 3896 publicat
377 3813 598 3875 instructionem
613 3824 801 3894 sequentem:
819 3812 1047 3891 Onderripbtiup
1059 3830 1093 3872 ea
1107 3831 1152 3874 re·

122 3918 241 3996 plantent
252 3933 323 3975 ocor
336 3917 369 3975 de
381 3915 622 3976 orbarat-meatem.
635 3935 668 3974 en
680 3915 979 3984 school-mersterstcu,
992 3914 1152 3992 cerepucnde

1052 4057 1072 4112 6
