3012 4912
816 528 927 624 (62)

822 887 843 959 a.
865 885 924 945 vri.

664 1063 784 1143 Goapar
799 1065 931 1133 Nomius,
952 1065 993 1126 VI
1002 1069 1086 1142 episc.

397 1269 505 1352 Gaspar
513 1269 646 1340 Nomius,
656 1267 907 1351 Sylvaeducensis,
918 1270 947 1331 S.
955 1270 987 1329 Τ.
999 1268 1100 1331 doctor
1110 1269 1140 1329 in
1152 1267 1297 1330 academia
1309 1271 1381 1331 Dua·
1484 1257 1486 1274 ⁴

358 1391 446 1442 cena,
461 1370 559 1432 eadem
576 1382 653 1431 sorte
669 1369 828 1450 iisdemque
844 1389 911 1431 cum
930 1369 1145 1451 praedecessore
1162 1369 1287 1430 hlaldero
1304 1390 1381 1432 exor—

359 1472 415 1534 diis
426 1470 462 1534 ad
476 1471 647 1551 dignitatem
661 1469 852 1552 episcopalem
867 1470 1007 1552 pervenit.
1020 1473 1059 1534 Ut
1072 1471 1149 1532 enim
1164 1470 1212 1531 hie
1223 1470 1381 1532 Lovanien-
1485 1529 1486 1534 ,

359 1595 419 1636 sem
429 1571 603 1636 academiam
617 1593 667 1633 sua
680 1571 842 1633 eruditione
855 1570 1032 1643 illustrarat,
1046 1573 1088 1634 sic
1102 1572 1151 1634 ille
1161 1575 1340 1643 Duacenam,
1353 1574 1380 1634 in
1486 1625 1487 1654 2

359 1695 415 1756 qua
436 1693 549 1755 praeses
568 1672 715 1734 seminarii
738 1671 937 1751 theologorum
957 1683 986 1733 et
1006 1670 1169 1752 theologiae
1190 1672 1334 1754 professor
1350 1693 1381 1734 ac
1485 1687 1487 1724 ῑ

358 1773 526 1855 collegiatae
548 1774 578 1835 S.
599 1774 676 1834 Petri
702 1773 859 1834 eanonicus
883 1773 997 1835 claruit.
1021 1776 1102 1848 Quae
1124 1775 1312 1836 muniadam
1334 1796 1382 1857 per
1486 1837 1487 1848 ,

358 1895 450 1938 annos
464 1874 539 1936 ultra
550 1874 656 1954 viginti
667 1873 802 1944 obiisset,
815 1893 831 1934 a
843 1865 976 1956 Philippo
989 1877 1024 1938 tv
1037 1877 1239 1959 Hispaniarum
1255 1895 1323 1957 rege
1334 1897 1383 1938 no·

359 1977 486 2038 minatus
499 1987 542 2037 cst
556 1975 706 2058 episcopus
720 1975 951 2058 antuerpiensis,
967 1976 1042 2039 datis
1058 1978 1150 2039 litoris
1161 1982 1201 2040 65
1212 1978 1281 2040 maii
1295 1982 1381 2041 1651.
1487 2035 1488 2050 ,

358 2077 552 2142 Confirmatus
563 2076 599 2139 ab
611 2076 728 2140 Urbano
740 2081 810 2149 Vnt,
821 2076 943 2140 solemni
958 2077 1017 2140 ritu
1032 2099 1108 2141 anno
1124 2082 1201 2143 1655
1213 2079 1260 2140 die
1270 2083 1309 2142 hb
1317 2079 1381 2163 julii
1487 2083 1488 2118 ³

360 2180 390 2240 in
407 2178 476 2241 aede
489 2177 644 2241 cathedrali
666 2179 856 2260 inauguratus
877 2192 920 2240 est
939 2200 990 2262 per
1003 2179 1250 2263 archiepiscopum
1265 2182 1382 2244 hlechli-
1487 2163 1488 2220 Ῠ

359 2280 503 2347 iriensem,
525 2279 727 2340 assistentibus
746 2279 926 2342 Gandavensi
947 2292 976 2342 at
994 2281 1214 2364 Sylvaeducansi
1232 2283 1382 2365 episcopis.
1486 2281 1488 2308 ¹

408 2380 576 2444 Feliciorem
602 2380 695 2442 Nemii
723 2380 868 2443 fortunam
895 2381 1113 2444 adscribendam
1137 2380 1234 2444 ferunt
1256 2381 1382 2445 huberto
1486 2403 1488 2442 t

362 2480 482 2551 iliram,
497 2479 560 2562 qui,
579 2501 668 2564 quum
685 2480 817 2542 Nomium
830 2480 965 2563 juvenem
980 2482 1170 2544 domesticum
1185 2495 1214 2544 ct
1228 2503 1382 2544 amanuen-

360 2602 420 2643 sem
434 2579 563 2651 aluisset,
577 2581 659 2642 illum
676 2584 802 2644 Duacum
818 2581 854 2644 ad
868 2582 972 2645 altiora
987 2583 1082 2645 studia
1096 2604 1148 2645 suo
1162 2595 1279 2665 sumptu
1296 2585 1382 2646 misit.
1488 2643 1489 2646 ,

362 2681 514 2764 Proprium
526 2680 568 2742 illi
582 2701 687 2742 nomen
701 2694 763 2744 erat
777 2684 888 2758 Boselt,·
898 2703 998 2746 verum
1010 2695 1043 2744 ut
1055 2684 1143 2745 ltuaci
1157 2683 1383 2765 distingueretur
1464 2759 1466 2765 Ι

362 2804 378 2846 a
392 2783 579 2846 celeberrimo
593 2783 655 2845 illic
669 2783 803 2864 theologo
819 2783 972 2846 Francisco
986 2783 1082 2867 Sylrio
1099 2787 1163 2862 (Du
1176 2787 1274 2862 Bois),
1288 2785 1383 2847 vocari

361 2883 455 2947 voluit
470 2887 599 2948 libutius.

402 2984 507 3048 Omnia
526 2983 594 3044 boni
610 2983 732 3064 pastoris
750 2983 849 3044 munia
863 3003 915 3064 por
931 3003 1022 3046 annos
1037 3004 1125 3066 prope
1138 2983 1298 3046 octodecim
1313 2989 1384 3045 Ant-

362 3088 476 3170 uerpiae
495 3105 562 3149 cum
583 3104 696 3148 summa
718 3083 914 3147 sollicitudine
932 3087 1112 3169 adimplevit,
1132 3086 1209 3170 quod
1233 3086 1263 3146 in
1284 3087 1384 3170 primis

361 3189 451 3273 liquet
474 3209 509 3250 ex
532 3184 805 3266 congregationibus
827 3185 1001 3248 decanorum
1026 3187 1062 3249 ab
1088 3189 1150 3269 ipso
1174 3187 1326 3249 celebratis
1350 3185 1384 3248 ab
1487 3219 1489 3228 .

361 3310 408 3352 an.
425 3286 613 3352 beneodan.
632 3287 719 3348 1651.
734 3286 799 3348 Vid.
814 3307 900 3368 supra
915 3308 963 3370 pp.
981 3291 1017 3350 16
1033 3299 1061 3349 et
1076 3293 1122 3349 l'l.

403 3390 482 3450 1656
495 3389 540 3448 die
556 3389 593 3447 10
603 3387 768 3456 decembris,
780 3398 932 3469 postquam
945 3386 1022 3448 ultra
1035 3407 1143 3450 annum
1157 3388 1285 3469 deputati
1300 3386 1387 3448 abba-

361 3490 419 3551 tiae
437 3491 465 3551 S.
485 3486 623 3549 Bernardi
646 3499 764 3568 egerant
789 3507 855 3549 cum
880 3487 1014 3570 episcopo
1038 3500 1067 3550 ct
1091 3488 1233 3571 capitulo,
1253 3500 1384 3552 exaratur

361 3589 500 3671 scriptum
516 3586 667 3658 notariale,
682 3586 736 3648 sub
756 3587 936 3670 beneplacito
958 3589 1036 3668 rogis
1057 3602 1087 3651 ct
1108 3589 1267 3671 pontificis,
1290 3589 1383 3671 quoad
1487 3567 1489 3626 l

362 3689 570 3773 separationem
585 3688 716 3751 abbatiae
729 3689 765 3748 ab
779 3690 954 3771 episcopatu.
968 3689 1026 3752 Cir.
1042 3693 1081 3752 La
1096 3694 1172 3774 Roy,
1184 3693 1295 3756 Notitiu
1306 3711 1385 3751 rnor-

362 3795 512 3854 clu'onotus
531 3811 559 3873 p.
579 3793 633 3861 55,
655 3801 684 3850 ct
704 3789 865 3861 Sandcrus,
886 3791 975 3852 Brob.
997 3794 1102 3854 illustr.
1125 3803 1146 3852 t.
1164 3796 1176 3853 l
1194 3812 1221 3873 p.
1241 3795 1315 3862 488,
1335 3791 1383 3872 qui
1488 3781 1489 3790 ¹

361 3911 422 3953 ram
443 3891 555 3972 plenius
574 3889 703 3952 referunt
716 3910 801 3971 quam
817 3892 1000 3961 norsum,
1016 3904 1036 3952 t.
1057 3894 1105 3952 Vll
1126 3911 1172 3974 pp.
1195 3895 1252 3952 661
1272 3893 1383 3952 61910.

359 3992 424 4054 Vid.
439 3991 514 4054 infra
526 3991 561 4053 ad
576 4011 622 4052 an.
640 3993 725 4052 1615.
