2978 4916
748 419 898 517 (are)

352 559 378 616 l.
399 558 519 617 Constat
531 555 705 638 llutrerpiae
718 555 872 638 aliqnando
885 554 973 617 luisse
989 558 1100 620 Collum
1109 558 1141 619 S.
1153 559 1274 629 Mauri,
1286 555 1341 619 ab·

309 655 403 718 batiae
413 655 619 737 Affligemiensi
634 655 807 738 subjectam,
821 676 893 739 quae
908 655 1051 720 exstitisse
1068 657 1182 720 videtur
1197 679 1288 741 usque
1303 659 1342 721 ad

309 777 356 819 an.
378 759 469 828 1090,
489 757 520 817 in
536 755 670 839 parochia
685 757 778 818 Castri
797 777 846 818 seu
869 755 946 817 inira
966 756 1062 838 ipsum
1084 761 1213 840 Burgum
1227 758 1259 820 in
1274 759 1341 820 loco

309 857 378 919 inde
393 859 446 920 Hct
457 860 576 938 hesron
591 860 719 940 Affliqem
733 857 825 929 dicto,
840 859 890 940 qui
905 857 940 919 ad
954 857 1183 939 Adligernieuses
1197 859 1344 943 pertinuit

309 981 399 1044 nsque
419 960 456 1022 ad
470 981 516 1022 an.
531 964 624 1035 1580,
641 982 699 1045 quo
717 961 747 1022 iu
763 961 899 1023 auctione
915 960 1030 1043 publica
1051 960 1087 1024 ab
1100 961 1163 1024 illis'
1172 961 1344 1024 divenditus

309 1074 361 1126 est.
376 1062 435 1125 Clr.
452 1067 490 1124 Le
504 1066 581 1146 Roy,
597 1065 709 1131 Notitiu
721 1064 957 1134 Murcltr'ouotus,
975 1083 1003 1145 p.
1018 1065 1067 1126 18.

350 1165 380 1225 1.
399 1167 431 1224 ln
443 1183 517 1246 pago
533 1167 663 1236 Deuren,
679 1162 750 1225 olinr
767 1162 1068 1233 Turninio,'creditur
1086 1162 1174 1226 luisse
1192 1175 1342 1225 monaste-

311 1265 403 1336 rinm,
430 1265 664 1346 Querquelodoru
684 1285 733 1326 seu
756 1266 953 1344 Quortolodru
969 1265 1093 1339 dictum,
1117 1285 1134 1326 a
1155 1267 1184 1328 S.
1207 1265 1343 1327 emendo

310 1377 524 1439 constructum,
548 1365 578 1427 iu
602 1386 660 1448 quo
679 1365 751 1427 vixit
774 1377 804 1427 ct
826 1364 900 1428 olriit
923 1366 953 1427 S.
975 1365 1196 1446 FredeganduS,
1220 1366 1257 1427 de
1281 1386 1343 1448 quo

309 1464 375 1528 vide
389 1477 518 1529 nostram
533 1464 643 1526 Butleri
658 1465 816 1528 editionem
832 1466 1062 1539 Bruxellensem,
1077 1478 1145 1529 tour.
1165 1469 1210 1539 lll,
1226 1486 1255 1549 p.
1271 1470 1343 1528 171.

188 1572 190 1576 ’
280 1653 285 1664 Ι
309 1570 388 1628 luter
407 1565 514 1628 saeculi
539 1565 608 1628 noni
634 1565 734 1628 turbas
758 1566 908 1629 destructo
930 1587 946 1628 a
972 1566 1167 1629 Nordmannis
1194 1577 1343 1628 monaste·

311 1668 369 1740 rio,
385 1667 476 1750 ipsius
489 1667 648 1730 monachos
668 1667 860 1750 Eynhamium
881 1689 971 1750 prope
989 1667 1182 1730 aldenardam
1201 1667 1344 1748 migrasse

311 1769 434 1832 credunt
446 1768 595 1841 nonnulli,
612 1769 662 1831 sed
678 1787 839 1852 perperam
856 1771 963 1852 quippe
982 1768 1097 1832 abbatia
1120 1768 1344 1852 Eynhamieusis

311 1869 449 1932 nonnisi
474 1890 551 1932 anno
583 1873 674 1943 1053,
706 1869 834 1954 adeoque
862 1871 994 1934 ducentis
1019 1871 1135 1933 circiter
1163 1870 1250 1933 anuis
1275 1883 1344 1953 post

311 1971 565 2034 Nordmanuorum
591 1971 786 2044 invasionem,
809 1971 928 2035 lundata
952 1983 1010 2044 est,
1029 1983 1062 2033 ut
1083 1982 1198 2034 constat
1217 1991 1252 2032 ex
1273 1969 1344 2032 lun·

311 2071 437 2135 dationis
459 2072 632 2154 diplomate,
658 2072 734 2156 apud
762 2073 917 2144 lliracum,
943 2085 1013 2134 tom.
1040 2076 1064 2142 l,
1092 2093 1120 2155 p.
1150 2075 1222 2144 l5l;
1248 2092 1343 2155 ‘eaque

311 2175 348 2237 ab
368 2174 453 2236 initio
476 2173 556 2236 nulla
580 2172 655 2236 bona
679 2175 807 2257 possedit
828 2175 859 2236 in
883 2177 1010 2245 Deurne,
1034 2185 1066 2236 ut
1091 2172 1201 2256 pariter
1227 2185 1344 2235 constat

311 2296 346 2337 ex
365 2272 605 2355 literisEngcnii
626 2278 678 2347 lll,
700 2275 777 2358 apud
796 2274 935 2338 lliraeum
961 2286 1032 2335 tom.
1057 2275 1109 2346 tv,
1131 2294 1158 2354 p.
1181 2278 1229 2336 17.
1251 2277 1344 2336 Porro

248 2415 251 2421 -
312 2373 447 2437 monachi
467 2373 692 2455 Eynlramienses
712 2395 770 2453 non
792 2375 849 2436 nisi
868 2394 946 2437 anno
962 2377 1056 2448 1100,
1072 2373 1162 2436 altare
1176 2373 1213 2436 de
1227 2377 1344 2436 [teurne

312 2473 451 2538 canonice
470 2473 566 2556 adepti
578 2486 664 2549 sunt,
685 2487 718 2537 nt
731 2486 809 2558 patet
823 2495 858 2537 ex
871 2474 964 2537 literis
978 2475 1135 2536 Clementis
1148 2477 1198 2546 lll,
1212 2474 1344 2557 descrip-

312 2575 350 2638 tis
370 2574 446 2657 apud
464 2574 617 2648 Muscam,
637 2587 707 2637 tom.
723 2578 773 2647 tv,
796 2597 823 2658 p.
842 2579 892 2638 09.
913 2579 1065 2638 Caeterum
1085 2574 1230 2638 Gerardus
1253 2574 1346 2638 abbas

313 2674 534 2759 llynhamiensis
560 2695 637 2736 anno
666 2679 745 2739 1508
775 2675 907 2738 abbatiae
932 2677 962 2738 S.
990 2674 1139 2737 llichaclis
1167 2675 1345 2758 Antverpiae

313 2775 496 2858 transcripsit
510 2775 578 2858 jura
592 2788 621 2839 ct
639 2775 753 2860 praedia
768 2796 841 2859 quae
855 2775 885 2838 in
900 2778 1014 2840 Deurne
1028 2787 1058 2836 et
1071 2774 1144 2864 locis
1156 2774 1262 2838 ricinis
1275 2797 1344 2859 pos·

314 2875 428 2940 sidcbot
443 2878 476 2938 ¹..

353 2976 448 3039 Facile
462 2975 652 3050 crediderim,
667 2975 763 3059 inquit
778 2979 816 3038 Le
830 2978 893 3058 Roy
904 2979 936 3047 ²,
951 2988 1015 3059 post
1025 2975 1207 3038 destructum
1220 2998 1237 3039 a
1248 2977 1346 3040 Nord-

313 3077 429 3140 mannis
442 3077 594 3161 antiquum
608 3077 681 3142 illud
693 3077 914 3148 monasterium,
930 3076 1301 3157 Querquelodorodictnm,
1313 3080 1345 3142 in

313 3201 369 3264 quo
383 3180 453 3243 vixit
467 3183 497 3244 S.
516 3178 737 3263 Fredegandns,
752 3165 831 3243 aliud
845 3181 875 3244 in
890 3179 990 3244 eodem
1004 3180 1069 3244 loco
1084 3180 1240 3243 fundatum
1255 3180 1346 3245 luisse

314 3303 329 3343 a
343 3282 549 3364 lotharingiae
570 3282 705 3353 ducibus,
720 3280 849 3364 illudque
865 3301 927 3344 esse
945 3281 1022 3364 quod
1036 3301 1113 3343 anno
1131 3283 1345 3365 10115ογ0111-

314 3382 405 3446 mium
419 3381 592 3446 translatum
605 3381 722 3445 dicitur.
1262 3365 1266 3376 ’

292 3471 298 3486 ’
355 3489 383 3547 5.
406 3488 436 3546 ln
459 3504 534 3567 pago
554 3484 590 3546 de
608 3483 792 3566 Ryslrergen,
807 3480 861 3543 snb
882 3480 1024 3545 baronatu
1039 3481 1187 3556 Bredauo,
1208 3481 1279 3543 olim
1294 3502 1345 3544 ex-

314 3584 390 3647 stitit
404 3584 601 3667 praepositura
613 3583 820 3647 monachorum
834 3581 944 3645 ordinis
954 3584 982 3646 S.
996 3582 1162 3656 Benedicti,
1178 3580 1346 3670 dependens

349 3820 357 3849 ¹
376 3820 443 3884 Apud
456 3820 587 3886 Miraeum,
600 3826 657 3870 tom.
673 3820 708 3887 ll,
720 3837 743 3885 p.
757 3820 828 3870 tota.

350 3906 359 3934 ²
376 3905 467 3958 llotitia
480 3904 670 3972 ldarchionatus,
682 3922 704 3970 p.
718 3906 758 3956 54.
