3012 4912
362 658 454 726 snut,
465 667 505 714 an
522 646 638 734 aliquis
653 646 692 714 de
708 646 889 715 renouando
905 646 1100 734 synodorum
1116 644 1264 712 instituto
1276 643 1397 732 cogita-

361 757 442 825 verit
453 756 643 843 aliquando,
654 777 720 823 nnn
733 756 845 844 liquet.
858 757 940 822 lllud
954 765 1060 825 autem
1071 776 1129 844 pro
1140 765 1227 824 certo
1237 754 1399 822 affirmare

363 885 512 953 possum,
533 884 602 932 eam
623 863 720 932 luisse
736 873 876 932 mentem
896 863 1011 931 ultimo
1032 862 1312 950 Antvcrpiensium
1329 861 1399 949 epi·

339 1061 343 1069 ,
363 992 476 1062 scopo,
494 972 645 1053 Cornelio
664 972 834 1040 Francisco
851 973 890 1040 de
906 971 1004 1039 Nelis.
1019 971 1148 1039 Etenim
1165 982 1234 1038 acta
1249 970 1284 1036 in
1300 979 1396 1037 coetu

363 1083 557 1151 decanorum
581 1073 662 1148 anni
677 1083 782 1162 1791,
805 1101 899 1169 quem
924 1091 1016 1148 vocat
1038 1083 1305 1165 comprobationem
1332 1082 1398 1145 sive

363 1195 532 1276 synodum,
547 1201 582 1257 ut
593 1195 713 1258 decreto
726 1193 875 1274 synodico
891 1190 1113 1258 inscribuntur
1126 1190 1159 1256 in
1176 1190 1280 1258 fronte
1292 1188 1398 1276 ipsius

364 1300 516 1386 epistolae
538 1299 577 1366 ad
600 1299 890 1387 archipresbyteros
912 1319 967 1366 seu
995 1298 1133 1366 decanos
1157 1297 1278 1366 rurales
1303 1296 1397 1364 datae

364 1419 452 1476 sento
468 1407 528 1474 cal.
542 1406 650 1494 yunias
667 1406 754 1473 1795
766 1407 790 1472 ¹.
810 1407 898 1474 Inter
914 1407 1014 1494 ipsius
1031 1406 1127 1474 ctiam
1147 1407 1273 1474 chartas
1292 1404 1396 1493 reperi

365 1515 541 1603 fragmenta
553 1513 709 1601 quaedam
722 1514 889 1581 titulorum
902 1518 938 1580 dc
953 1517 1148 1581 ordinandis
1159 1525 1191 1582 et
1205 1515 1396 1581 1181111111-

364 1628 593 1711 riis,enoerpta
602 1643 639 1691 ex
650 1621 780 1711 synodis
790 1621 978 1708 provinciali
988 1621 1211 1690 Mechliniensi
1220 1621 1394 1690 11111607

364 1743 395 1798 et
416 1730 603 1797 dioecesana
626 1729 850 1817 Antverpiensi
876 1727 954 1794 anni
980 1731 1083 1812 1610,
1103 1748 1184 1815 quae
1206 1740 1395 1817 apparatum

364 1837 533 1926 quemdam
550 1838 589 1904 ad
606 1839 763 1926 synodum
779 1837 1003 1905 celebrandam
1020 1837 1162 1906 indicare
1177 1838 1337 1906 videntur.
1355 1841 1398 1906 At

364 1949 640 2016 minimeduhinm
652 1959 876 2035 argumentum
893 1959 965 2036 peto
979 1967 1016 2015 ex
1029 1949 1078 2015 Pii
1092 1949 1133 2015 Vl
1149 1948 1265 2028 literis,
1278 1948 1396 2036 quihus

366 2078 452 2125 anno
470 2060 555 2125 1185
579 2057 619 2124 11
641 2056 828 2143 petitionem
850 2055 989 2144 episcopi
1009 2056 1226 2144 indulgentias
1249 2056 1400 2125 concedit

366 2188 425 2256 pro
444 2166 565 2255 synodo
585 2165 769 2255 propediem
789 2165 981 2253 Antverpiac
1004 2166 1205 2234 celebranda.
1229 2167 1279 2232 En
1302 2166 1397 2235 hreve

367 2275 577 2362 apostolicum
600 2264 638 2342 en
659 2274 856 2362 autographo
883 2275 1100 2362 descriptum:
1125 2275 1237 2343 «Pius
1256 2275 1395 2366 peut,

371 2411 384 2444 1
411 2385 569 2452 uniuersis
585 2383 704 2451 Christi
720 2383 868 2451 fidelibus
886 2395 1065 2472 praesentes
1081 2383 1190 2452 literas
1202 2385 1398 2472 inspecturis

372 2523 383 2554 1
411 2494 558 2561 salutem.
576 2491 678 2572 Cum,
697 2493 780 2560 sicut
798 2492 992 2580 accepimus,
1009 2493 1043 2558 in
1065 2492 1199 2560 ecclesia
1220 2493 1396 2560 cathedrali

371 2632 384 2663 1
412 2602 634 2689 Antverpiensi
652 2623 741 2670 sacra
758 2603 897 2690 primum
913 2602 1052 2690 synodus
1068 2603 1282 2692 propediem,
1299 2602 1397 2671 hene·

373 2741 386 2772 1
413 2711 538 2778 dicente
550 2710 704 2790 Domino,
718 2710 906 2777 celebranda
922 2711 978 2790 sit,
995 2731 1071 2791 nos,
1083 2721 1117 2777 ut
1131 2731 1211 2799 opus
1224 2720 1290 2778 tam
1306 2711 1409 2802 pium,

373 2847 386 2879 u
414 2818 527 2906 majori
549 2837 622 2886 cum
642 2817 836 2899 frustulum,
855 2830 886 2886 et
906 2818 945 2886 ad
967 2819 1144 2907 augendam
1160 2818 1302 2886 fidelium
1324 2818 1399 2886 reli-

373 2957 387 2990 1
413 2929 541 3017 gionem
557 2927 1398 3015 111111111111111111111111111111Ε111111111111

375 3067 388 3100 1
415 3039 518 3107 sauris
542 3038 593 3126 pia
619 3038 773 3107 charitate
793 3036 926 3120 intenti,
945 3039 1096 3107 omnibns
1118 3038 1283 3124 utriusque
1304 3056 1400 3104 sexus

376 3178 388 3210 b
416 3147 534 3217 Christi
562 3147 709 3214 fidelihus
734 3167 807 3216 1111
837 3147 1075 3235 poenitentibus
1101 3158 1132 3214 11
1160 3145 1333 3226 confessis,
1360 3165 1398 3213 ac

375 3275 504 3324 »sacra
531 3255 759 3350 communione
779 3255 919 3338 reiectis,
947 3257 1004 3343 qui
1029 3257 1200 3344 praefatam
1229 3254 1398 3322 ecclesiam

377 3395 390 3425 1
417 3365 482 3443 die,
504 3383 566 3452 qua
588 3363 673 3430 dicta
700 3364 801 3450 prima
824 3365 963 3453 synodus
985 3363 1200 3443 inchoabitur,
1217 3382 1253 3430 ac
1276 3363 1308 3429 in
1331 3383 1399 3430 om·

378 3502 390 3534 1
418 3473 514 3540 nibus
542 3483 573 3540 11
598 3472 734 3560 singulis
761 3473 896 3540 actualis
921 3472 1009 3539 illius
1036 3471 1261 3540 celebrationis
1287 3470 1403 3539 diebus

378 3610 391 3642 »
418 3582 530 3650 devote
542 3581 753 3662 visitaverint,
769 3591 801 3648 et
816 3581 860 3648 ihi
877 3600 935 3668 pro
951 3580 1199 3647 christianorum
1217 3577 1402 3667 principum

379 3720 391 3751 1
418 3689 607 3769 concordia,
631 3689 798 3756 haeresum
824 3689 1050 3776 extimatione,
1075 3708 1111 3755 ac
1137 3677 1266 3755 sanctae
1290 3687 1404 3754 matris

379 3827 391 3861 1
419 3799 579 3867 Ecclesiae
600 3797 793 3866 exaltatione
808 3796 876 3900 pias
892 3798 931 3865 ad
955 3797 1056 3865 Deum
1083 3816 1191 3884 preces
1213 3793 1403 3873 effuderint,

408 4030 417 4059 ¹
434 4029 486 4080 vid.
501 4027 554 4078 inlr.
568 4034 625 4078 sect.
638 4027 663 4091 2,
679 4025 708 4075 ad
723 4040 761 4075 an.
776 4025 844 4074 1792
