3012 4912
569 561 688 655 (67)

117 708 251 783 quatum
271 696 374 762 aetatis
393 717 511 760 annum.
530 697 582 759 Die
603 697 705 759 ultima
726 696 853 760 octobris
870 700 946 760 7677
968 697 1138 780 pontificiali

116 800 279 862 charactere
293 798 450 880 insignitos
460 812 503 860 est
513 797 654 860 Bruncllis
667 798 702 858 ab
713 797 927 880 archiepiscopo
939 798 1137 863 bleehliniensi
1195 810 1198 816 '

115 901 262 986 Alpbonso
282 901 319 962 de
338 901 478 982 Borghes‚
499 899 721 984 cooperantibus
742 900 881 982 brugensi
901 913 931 964 et
955 903 1137 964 7766666766-

4 1049 5 1052 ¹
116 1001 197 1064 66667
211 1001 363 1084 episcopis.

157 1105 236 1164 7677
257 1105 303 1164 die
318 1105 355 1164 76
368 1104 528 1164 deceavbrds.
542 1103 697 1164 consecrat
710 1102 860 1165 ecclesiam
873 1103 1138 1177 carthusianorum,

4 1183 5 1230 ³
118 1203 152 1268 de
166 1223 222 1288 qua
239 1203 457 1266 consecratione
469 1215 583 1264 exstant
600 1201 702 1266 literae
714 1203 789 1286 apnd
806 1206 988 1274 Diercasens.
1005 1216 1077 1268 tom.
1091 1210 1140 1270 Vll

4 1307 5 1374 ἒ
117 1326 144 1389 p.
159 1307 229 1368 708.

158 1408 238 1468 7678
253 1408 298 1468 die
313 1407 351 1466 76
364 1409 487 1486 apparati.
504 1404 704 1468 (lrdonnantie
718 1403 849 1486 nopende
866 1404 916 1465 het
935 1404 1141 1470 onderbouden

4 1571 5 1584 p
117 1506 216 1570 vande
226 1504 392 1586 sondagben
402 1505 474 1567 ende
485 1505 773 1586 feestdaghen.dntv.
786 1504 861 1588 typis
871 1506 987 1567 Henrioi
998 1506 1141 1589 Sleglrers.

118 1593 204 1690 pagg.
221 1610 259 1668 75
273 1607 304 1667 76
319 1609 377 1670 760.
393 1609 455 1668 Hoc
469 1606 616 1670 decretum
636 1606 672 1667 ad
688 1605 807 1668 verbum
829 1606 923 1668 simile
937 1619 980 1668 est
994 1607 1050 1680 illi,
1064 1609 1141 1692 quod

118 1729 165 1771 an.
190 1711 270 1771 7670
294 1707 341 1770 676
363 1712 399 1771 79
421 1709 536 1790 augusti
558 1707 714 1791 publicavit
739 1708 909 1770 Ambrosius
928 1709 1052 1792 Capello.
1078 1711 1142 1778 Vid.

116 1830 203 1891 supra
217 1831 245 1892 p.
260 1812 310 1872 65.

157 1915 367 1976 dnovembris.
384 1910 584 1973 Ordonnantic
602 1923 685 1990 legen
708 1911 743 1972 66
766 1908 1025 1993 oneerbicdigheyd
1051 1912 1081 1976 76
1107 1911 1142 1977 66

119 2009 241 2083 lverlren;
255 2013 348 2089 ploce.
363 2011 459 2089 iar-sol.
475 2011 558 2084 Quod
574 2009 690 2092 quidem
705 2009 852 2074 decretum
870 2009 1039 2073 innovatum
1055 2010 1142 2077 suita

119 2113 290 2194 magistratu
305 2111 507 2193 Antverpiensi
521 2111 567 2172 die
578 2115 616 2172 27
630 2110 756 2192 januarii
774 2114 859 2174 7679.

157 2213 275 2276 Praesul
289 2213 336 2276 vix
347 2233 399 2296 per
410 2233 520 2274 annum
531 2212 704 2294 episcopalia
718 2212 816 2274 murcia
831 2213 938 2294 cregit3
949 2234 983 2274 ex
992 2225 1142 2293 grassante

119 2315 195 2380 enim
207 2314 381 2397 bntverpiae
391 2313 493 2376 morbo
506 2314 657 2396 pestilente
666 2314 778 2377 interiit
789 2314 836 2378 die
847 2318 866 2377 6
878 2314 1043 2378 novembris
1055 2319 1143 2380 7678.

157 2413 277 2478 Vacavit
290 2414 371 2480 sedes
385 2435 436 2498 per
448 2435 557 2478 annum
571 2426 600 2477 et
615 2415 676 2480 dies
689 2437 747 2478 sex.

592 2736 614 2807 §-
635 2735 669 2792 x.

281 2917 407 2980 Ioannes
420 2919 623 2980 Ferda'ncndus
631 2921 666 2980 de
678 2920 833 2998 Beupbem,
843 2919 890 2980 IX
898 2923 983 2997 cepio.
1101 2969 1102 2972 ,

159 3124 285 3184 loannes
296 3122 495 3185 Ferdinandus
506 3123 541 3184 de
552 3122 1014 3204 86657666,666667776666677767
1024 3122 1144 3205 patricia

123 3217 230 3284 familia
245 3234 346 3296 natm,
360 3227 385 3285 J.
401 3225 435 3286 U.
450 3227 482 3284 L.
497 3223 527 3284 in
542 3224 686 3285 academia
702 3223 889 3296 bavariensi,
903 3223 1038 3286 ecclesiae
1057 3223 1144 3286 colle-

122 3325 215 3404 giatae
226 3326 255 3386 S.
268 3325 397 3387 Gudulae
411 3325 552 3387 Bruxellis
563 3325 720 3388 canonicus
734 3339 763 3387 ct
777 3346 828 3408 per
841 3346 890 3386 sex
903 3346 995 3388 annos
1006 3325 1144 3399 decanus,

121 3427 157 3488 ad
171 3426 338 3489 cathedram
357 3429 595 3511 Antvcrpiensem
617 3442 781 3514 promotae,
800 3428 959 3510 pontificali
980 3429 1144 3490 charactere

121 3527 280 3610 insignitur
294 3529 434 3591 Bruxellis
449 3529 479 3591 76
494 3530 600 3612 palatio
619 3530 853 3614 archiepiscopali
869 3529 915 3592 die
932 3534 968 3592 76
981 3530 1145 3592 novembris

124 3632 215 3703 7679,
231 3653 283 3715 per
298 3632 511 3716 metropolitam
526 3653 610 3698 suum
626 3633 805 3714 Alphonsum
820 3633 855 3694 66
872 3633 1011 3714 Borghes,
1029 3632 1146 3715 coadju-

121 3730 255 3794 vantibus
270 3720 410 3816 Brugensi
426 3746 455 3795 et
468 3735 717 3796 Roraemundensi
733 3734 884 3816 episcopis.

161 3837 240 3898 7680
255 3837 301 3898 676
317 3838 335 3896 2
349 3841 459 3897 martii.
475 3835 603 3918 Epistola
619 3837 771 3919 pastoralis
788 3837 822 3898 66
837 3834 983 3918 requisitis
996 3834 1026 3898 76
1041 3833 1146 3896 admit·

123 3934 215 3998 tendis
229 3935 265 3998 ad
279 3937 395 4000 ordines
409 3957 505 4000 sacros
517 3951 577 4000 tum
592 3938 715 4020 majores
726 3951 787 4002 tum
802 3939 937 4000 minores.
952 3972 990 3982 -
1006 3939 1105 4000 Exstat
1116 3936 1146 3997 in

122 4035 237 4102 Collect.
248 4057 296 4102 66
310 4041 386 4102 7680
399 4041 477 4118 (cora
489 4039 721 4122 praesenseram,
737 4051 770 4102 ut
781 4038 924 4121 conjicere
938 4036 1016 4118 licet)
1030 4057 1058 4120 p.
1073 4039 1146 4100 797·
