2978 4916
350 637 389 701 sis
400 639 551 723 episcopus
562 639 731 703 Ambrosius
741 641 871 724 Capello,
882 659 1014 702 summus
1024 637 1153 722 pontifex
1163 636 1324 700 Alexander
1333 638 1384 700 Vll

351 753 379 804 et
393 743 594 825 Hispaniarum
610 745 671 804 Rex
681 742 831 826 Philippus
842 745 895 814 111,
907 761 1030 824 quorum
1046 740 1205 822 diplomata
1215 738 1384 802 referuntur

286 886 288 890 ψ
350 844 424 926 apud
440 844 623 916 Diercxseus‚
639 856 709 924 torn.
725 847 785 915 Vll,
800 865 828 926 p.
847 847 906 906 358
921 853 950 911 et
963 863 1040 925 seqq.
1057 853 1085 904 et
1100 842 1129 903 in
1145 841 1245 904 libello
1260 829 1384 904 dntvcrss

351 946 414 1029 piac
427 946 505 1009 edito
517 967 564 1007 an.
579 950 655 1009 r756
670 945 745 1029 typis
756 944 855 1008 Jacobi
868 944 1005 1006 Bernardi
1019 947 1135 1015 Jourct,
1147 963 1232 1024 pagg.
1245 945 1280 1004 ‘ll
1295 943 1383 1006 in-d⁰.

390 1051 492 1110 Ortam
511 1046 615 1109 deinde
634 1046 715 1108 litem
735 1047 811 1108 inter
826 1043 988 1128 capitulum
1004 1043 1166 1106 cathedrale
1180 1055 1209 1105 et
1222 1043 1385 1126 capitulum

351 1149 380 1214 S.
394 1148 507 1218 Jacobi,
522 1148 634 1210 ratione
649 1147 728 1212 tituli
743 1149 871 1230 Insignis
883 1150 1013 1211 ccclesiae
1026 1157 1055 1208 ct
1069 1144 1191 1208 aliarum
1205 1144 1386 1228 praerogati-

349 1269 466 1322 varum,
482 1269 553 1331 qnas
573 1247 627 1310 sibi
649 1247 834 1312 vindicabant
851 1245 983 1312 canonici
1005 1246 1034 1310 S.
1054 1245 1166 1318 lacobi,
1184 1245 1304 1309 diremit
1321 1245 1385 1311 Cle-

350 1370 433 1412 mens
449 1353 486 1412 xl
507 1370 558 1432 per
573 1348 683 1410 bullam
699 1349 794 1410 datam
810 1359 889 1410 sexto
904 1367 997 1411 nonas
1011 1345 1139 1411 octobris
1152 1365 1200 1408 an.
1215 1349 1308 1418 1765,
1330 1367 1386 1432 qna

349 1450 513 1532 capitulum.
525 1449 620 1512 denuo
629 1449 819 1512 confirmatur
830 1461 858 1512 et
868 1446 989 1510 ecclesia
1001 1451 1033 1511 in
1048 1449 1229 1528 collegiatam
1243 1450 1386 1528 insignem

352 1550 485 1632 erigitur.

390 1653 487 1714 Prima
498 1662 527 1713 et
537 1671 571 1712 ex
582 1651 766 1712 institutione
776 1649 860 1710 unica
876 1648 1004 1732 dignitas
1014 1659 1077 1711 erat
1087 1645 1247 1720 decanalis,
1264 1646 1386 1710 fundata

350 1773 396 1814 an.
418 1755 494 1816 1666
510 1749 700 1835 pernobilem
716 1749 896 1814 domicellam
912 1751 947 1812 N.
962 1752 1023 1811 Van
1037 1749 1166 1818 Gemert‚
1182 1747 1388 1812 accedentibus

350 1853 472 1918 aliorum
495 1852 686 1934 quorumdam
706 1849 918 1932 largitionibus.
936 1848 1106 1933 Eligebatur
1124 1847 1250 1913 decanus
1265 1869 1282 1910 a
1299 1869 1388 1913 cano-

350 1954 440 2044 nicis,
460 1974 584 2040 quorum
601 1951 738 2034 suffragia
761 1952 790 2018 in
814 1951 903 2016 calice
923 1951 1078 2032 colligebat
1094 1950 1246 2036 episcopus
1262 1955 1388 2016 antver-

351 2076 469 2139 prensis.

390 2154 519 2218 accessit
532 2153 636 2218 deinde
649 2153 703 2216 sub
718 2154 854 2238 episcopo
868 2156 977 2217 loanne
991 2152 1173 2217 lordicando
1188 2151 1224 2216 de
1239 2151 1387 2234 Beughcna

351 2261 476 2320 secunda
495 2256 640 2340 dignitas,
660 2277 763 2343 nempe
786 2256 1021 2331 vice-decaualis,
1042 2275 1114 2341 quae
1136 2253 1256 2318 fundata
1279 2253 1389 2316 dicitnr

353 2380 403 2441 per
414 2359 552 2421 iacobum
564 2357 751 2423 Guilielmum
763 2361 912 2430 lanssens,
927 2358 1180 2440 antverpiensem,
1192 2359 1215 2421 J.
1231 2359 1266 2420 U.
1279 2359 1323 2428 L,
1339 2355 1388 2442 qni

352 2460 555 2522 vioe-decanus
578 2459 652 2523 obiit
675 2463 712 2525 18
730 2458 856 2545 januarii
883 2463 970 2522 1768.
991 2457 1215 2520 vice-decanum
1240 2457 1390 2538 eligebant

352 2561 438 2622 etiam
457 2561 604 2632 canonici,
623 2559 867 2643 quemadmodum
887 2573 915 2624 et
933 2572 1080 2624 cantorem
1098 2579 1183 2642 quem
1201 2559 1290 2622 citata
1309 2557 1389 2620 bulla

235 2665 246 2678 ⁸
352 2661 509 2724 Clementis
522 2665 559 2724 Xl
574 2662 651 2727 inter
662 2661 819 2746 dignitates
830 2672 968 2724 recenset.

392 2767 425 2826 ln
443 2763 497 2824 hac
510 2762 629 2825 ecclesia
644 2762 822 2846 praebendae
835 2761 1016 2828 canonicales
1033 2761 1137 2844 viginti
1158 2773 1215 2825 tres
1233 2760 1388 2828 institutae
1487 2807 1488 2810 κ

354 2860 472 2923 luerunt
486 2861 541 2922 hoc
556 2861 658 2924 ordine
673 2883 679 2922 ι

394 2967 414 3024 l.
437 2962 602 3024 Praebenda
617 2963 768 3047 pastoralis
781 2963 811 3024 in
823 2962 1025 3025 canonicatum
1038 2973 1132 3024 erecta
1147 2981 1193 3024 an.
1209 2963 1299 3027 1656.

394 3070 427 3130 ll.
450 3064 614 3134 Praebenda
631 3065 750 3127 fraudata
764 3077 793 3130 et
808 3066 905 3128 dotata
920 3064 1112 3150 pernobilem
1126 3064 1220 3128 virum
1236 3065 1389 3128 Nicolaum

354 3168 484 3241 Rockox,
494 3169 618 3250 equitem
632 3179 782 3241 auratum,
795 3167 829 3230 ad
844 3167 933 3228 altare
945 3169 974 3230 S.
991 3169 1154 3250 Dympnae,
1171 3169 1210 3232 25
1221 3165 1284 3229 dec.
1300 3170 1388 3232 1656.

396 3273 442 3331 111.
465 3273 518 3332 Per
540 3269 707 3332 Michaelem
733 3268 768 3330 de
792 3269 901 3332 Becker
924 3281 953 3332 et
976 3269 1161 3334 Catharinarn
1183 3271 1305 3334 llasaert
1328 3269 1390 3354 ejus

356 3371 525 3454 conjugem,
544 3377 575 3434 11
595 3369 723 3432 octobris
737 3373 824 3432 1657.

397 3476 441 3534 tv.
464 3476 519 3536 Per
539 3476 678 3535 loannem
704 3473 740 3534 de
763 3474 844 3534 Smet
864 3471 980 3534 viduam
996 3471 1107 3536 domini
1132 3472 1168 3536 de
1191 3473 1246 3534 'ler
1262 3472 1391 3544 Linden-

354 3572 511 3643 lmbrecht‚
527 3578 545 3636 5
560 3573 656 3640 narrii
674 3577 760 3636 1658.

395 3678 429 3738 V.
451 3677 506 3736 Per
521 3675 704 3740 Ambrosium
719 3675 755 3737 de
770 3673 949 3762 lleusecomb
964 3684 993 3734 ct
1006 3674 1168 3736 Susannam
1185 3673 1224 3736 dn
1238 3673 1306 3736 Bois
1319 3693 1391 3736 con·

352 3767 448 3860 juges,
474 3780 511 3842 19
536 3777 636 3860 aprilis
661 3781 747 3842 1667.
770 3781 845 3840 Haec
869 3776 1031 3860 praebenda
1055 3797 1208 3860 suppressa
1232 3777 1289 3842 tuit
1312 3777 1390 3843 circa

353 3896 400 3937 an.
418 3877 494 3940 1767
510 3897 566 3958 qno
587 3877 707 3940 ultimus
725 3877 803 3941 illius
821 3897 967 3960 possessor
987 3879 1112 3944 loannes
1132 3877 1277 3943 antonius
1296 3876 1389 3944 Balth.

355 3978 461 4060 Snyers
475 3975 557 4038 obiit.
