2978 4916
549 455 699 552 (255)

106 605 237 654 ereetum
262 613 309 654 an.
335 596 430 665 1554,
453 614 489 655 ne
508 594 618 656 morbis
637 593 816 676 contagiosis
841 593 939 654 inlecti
961 595 1082 676 sparsim
1107 595 1137 656 io

107 692 258 754 suburbiis
271 693 418 774 degerent.
431 697 539 755 Eorum
549 694 742 758 domunculae
753 693 881 776 lapideae
893 705 1037 757 steterunt
1050 715 1140 777 usque

107 793 146 854 ad
160 793 278 855 initium
291 793 399 856 saeculi
414 796 487 854 xlx.

151 897 179 954 4.
202 892 351 956 Prioratus
368 895 459 956 Vallis
472 894 506 956 S.
524 896 728 974 Mnrporetce,
742 894 831 975 volgo
852 897 1056 967 Ter-Nonam,
1071 915 1141 958 con-

108 994 291 1076 gregationis
313 996 344 1058 S.
366 995 507 1068 Victoris,
535 996 673 1058 lundatus
692 1008 736 1058 est
760 1016 807 1058 an.
834 999 913 1059 lass
936 1008 1016 1059 extra
1040 1017 1140 1058 muros

108 1095 237 1158 civitatis
257 1115 346 1177 prope
372 1109 484 1178 portant
505 1097 533 1160 S.
555 1096 673 1177 Georgii
697 1116 797 1158 versos
811 1097 1051 1178 septentrionem,
1072 1117 1141 1178 pro·

108 1196 200 1258 hante
218 1196 404 1278 Engelranno
420 1197 457 1260 de
475 1201 601 1280 Crequy,
622 1198 757 1280 episcopo
779 1199 1013 1260 Cameracensi¹.
1033 1197 1077 1259 Ad
1096 1198 1143 1259 in-

109 1297 249 1358 stantiam
265 1297 366 1360 decani
380 1308 409 1359 et
419 1296 604 1360 scabinorum
617 1295 870 1379 Antverplensinm
879 1297 989 1380 primae
1001 1297 1139 1360 moniales

108 1410 244 1460 evocatae
263 1411 332 1462 sunt
350 1419 384 1460 ex
397 1399 539 1462 coenobio
553 1399 589 1462 de
603 1399 784 1480 Bieselingen
801 1399 834 1462 in
853 1399 1021 1462 Revelandia
1040 1399 1142 1463 Zelan·

109 1499 175 1561 diae
189 1500 283 1561 insola
294 1502 317 1560 ².
332 1503 485 1563 Destructo
497 1501 673 1563 monasterio
687 1521 734 1562 an.
749 1504 826 1563 1544
838 1522 888 1584 per
900 1501 1057 1563 Martinum
1070 1504 1142 1563 Ros-

109 1601 250 1674 seminm,
267 1602 345 1662 intra
363 1601 489 1664 civitatis
505 1623 605 1665 muros
623 1602 818 1683 conlegerunt
838 1602 993 1673 moniales,
1013 1615 1043 1664 et
1062 1602 1140 1665 alind

110 1702 287 1764 coenobium
300 1713 438 1785 aptarunt
449 1703 485 1764 ad
499 1703 623 1785 plateam
635 1705 669 1764 de
682 1703 986 1784 Lance-Nieuwstroet
996 1707 1020 1766 ⁵.

153 1807 181 1865 5.
203 1802 379 1866 Mooialibus
390 1803 572 1884 regularibus
585 1806 614 1868 S.
627 1805 781 1886 Augustini
793 1805 985 1866 accensendas
996 1815 1065 1867 sunt
1075 1803 1144 1868 illae

110 1923 185 1986 quae
199 1903 277 1965 circa
298 1923 409 1966 annum
431 1908 509 1966 1750
528 1904 717 1987 antverpiam
732 1912 888 1977 venerubt,
904 1917 933 1966 et
946 1906 1141 1968 communita-

111 2017 170 2068 tem
183 2016 336 2068 erexerunt
347 2004 401 2066 soh
414 2007 533 2070 nomine
543 2007 695 2085 Spiossers
706 2027 721 2068 a
733 2007 839 2079 nendo,
850 2006 982 2090 quiahoc
992 2006 1140 2088 opificium

111 2106 142 2166 in
159 2117 329 2187 paupertate
343 2117 372 2166 et
391 2106 578 2188 simplicitate
591 2128 643 2170 sua
661 2107 802 2168 advitam
824 2107 1043 2169 sustentandam
1061 2091 1148 2170 exer-⁵

112 2207 227 2270 cebant.
238 2207 335 2270 Prima
347 2227 447 2269 eorum
459 2208 541 2270 sedes
551 2208 587 2270 ab
600 2229 678 2270 anno
690 2212 770 2271 1454
782 2206 875 2270 luerat
889 2209 919 2269 in
931 2208 1096 2292 Waelwyck
1111 2211 1140 2272 in

111 2329 184 2389 agro
206 2307 435 2379 Buscodocensi,
451 2307 500 2370 ubi
519 2309 596 2370 inter
616 2329 663 2370 eas
680 2309 814 2370 vixerunt
833 2307 907 2370 duae
925 2328 1039 2371 sorores
1059 2313 1141 2383 Anna

111 2422 140 2470 et
152 2407 278 2470 adriana
295 2429 328 2469 ex
338 2405 445 2470 illustri
461 2408 664 2470 Nassoviornm
676 2408 780 2490 stirpe,
794 2428 916 2491 quarum
931 2429 988 2470 una
1002 2429 1049 2470 ao.
1060 2411 1140 2472 1546

111 2508 187 2570 obiit
201 2509 231 2569 in
246 2507 383 2590 opinione
397 2511 569 2573 sanctitatis.
585 2511 666 2572 Licet
685 2510 765 2592 regio
781 2510 817 2574 ab
834 2511 986 2574 haereticis
1003 2524 1141 2594 occupata

112 2622 201 2680 esset,
217 2610 358 2672 moniales
370 2623 467 2672 mmeo
483 2612 513 2672 in
527 2611 694 2694 Waelwyck
708 2626 931 2694 permanserunt
941 2613 1012 2674 satis
1025 2632 1142 2674 securae

112 2711 336 2788 (Nassoviorum
348 2710 459 2786 lavore,
476 2722 509 2772 ut
523 2710 652 2792 videtur)
669 2711 807 2794 usquead
822 2723 936 2793 tempus
951 2732 1008 2794 qun
1021 2715 1143 2773 bntver·

113 2811 191 2892 piam
207 2809 318 2873 delatae
332 2824 411 2874 suot.
640 2812 644 2820 “

154 2914 183 2972 6.
207 2913 351 2994 Lyranum
377 2911 548 2972 coenobium
573 2912 683 2974 Montis
707 2913 811 2982 Pacis,
835 2911 922 2994 vulgo
952 2913 1143 2994 Vrcdeobcrp,

114 3012 224 3093 pariter
241 3012 296 3073 alia
311 3033 343 3074 ex
359 3013 477 3094 regione
490 3011 632 3090 bellorum
654 3031 739 3074 causa
757 3011 883 3075 advenit.
902 3013 1066 3075 Fundatom
1087 3013 1144 3076 fnit

114 3134 193 3174 anno
215 3114 388 3196 ll'16·juxta
410 3113 531 3175 Bredam
552 3113 581 3174 in
597 3133 671 3198 pago
692 3114 727 3175 de
747 3113 908 3186 Gionekco,
927 3115 1048 3198 locoque
1065 3115 1143 3177 dicto

122 3215 330 3296 Woestenberp,
346 3214 468 3275 fundum
484 3214 611 3276 donante
624 3215 715 3276 Maria
726 3213 762 3276 de
777 3217 875 3286 Loon,
892 3213 1000 3276 Bredae
1012 3214 1144 3286 domina,

152 3463 158 3491 ¹
177 3465 236 3514 Vide
247 3463 353 3529 diploma
365 3466 429 3530 apud
442 3464 570 3537 Miramur,
583 3472 641 3514 tom.
655 3467 677 3532 l,
689 3481 713 3530 p.
722 3466 778 3515 458.

150 3551 160 3578 ²
178 3553 324 3616 Grammaye
332 3551 405 3601 etalii
415 3553 513 3601 tradunt
523 3551 594 3618 hujus
602 3551 711 3602 coenobii
720 3551 880 3603 fundatricem
889 3551 960 3602 luisse
969 3555 1145 3618 Margarctam,

116 3635 192 3686 liliam
201 3635 268 3686 ducis
278 3634 420 3686 Brabantiae
433 3636 529 3687 ilenrici
538 3638 575 3704 11,
585 3644 609 3687 et
621 3636 767 3687 abbatissam
777 3637 849 3687 Vallis
859 3637 937 3688 Ducis.
949 3638 995 3689 Sed
1004 3637 1044 3687 illa
1053 3637 1146 3688 obierat

114 3722 166 3786 jam
186 3720 243 3771 inde
259 3735 298 3772 an.
316 3720 393 3788 1277,
409 3729 436 3772 ut
453 3729 519 3786 patet
535 3737 564 3772 ex
582 3721 719 3789 epitaphio,
737 3724 801 3788 qnod
819 3723 920 3773 refertur
932 3725 996 3788 apud
1014 3724 1144 3790 Minoum,

117 3818 176 3859 tom.
189 3811 237 3876 lll,
253 3825 277 3873 p.
293 3811 350 3860 1187.
363 3811 434 3860 Forte
451 3811 534 3861 titulus
546 3811 571 3861 S.
589 3811 754 3875 Marpuretue
766 3819 903 3875 assumptus
913 3811 959 3862 luit
970 3818 1069 3875 propter
1081 3814 1147 3862 Mar-

118 3904 230 3961 garetam
241 3894 371 3961 conjugem
382 3897 527 3946 marchionis
539 3897 728 3962 salamiensis,
740 3896 808 3961 cujus
820 3899 899 3947 lavore
910 3897 1053 3948 coenobium
1065 3901 1146 3948 crevit.

150 3984 161 4010 ³
179 3981 238 4030 Vide
251 3979 403 4047 Discessere,
416 3991 473 4032 tom.
485 3985 507 4049 l,
521 3999 560 4048 pp.
573 3983 621 4032 509
633 3993 658 4034 et
667 3999 732 4048 seqq.
