2990 4918
784 490 936 590 (rto)

344 630 494 694 transferri
516 631 552 694 ad
576 632 696 696 domium
709 631 911 716 'senatoriam
936 642 968 693 ut
989 629 1201 696 contributioni
1223 629 1373 694 solvendae

345 731 515 796 fieretsatis.

383 834 516 916 Deputati
531 833 648 916 quidam
663 853 678 894 a
693 833 864 914 magistratu
879 833 995 916 ipsimet
1010 833 1116 916 templa
1131 832 1270 914 ingressi,
1286 844 1374 896 teme·

343 935 420 1007 rario
434 955 506 998 ausu
521 946 550 996 et
564 953 651 996 manu
666 933 821 1015 sacrilega,
843 934 946 996 calices
961 946 989 997 et
1004 933 1113 998 ciboria
1133 931 1324 1016 arripiebant,
1346 943 1374 995 et

344 1055 440 1100 sacras
451 1035 560 1098 hostias
572 1035 601 1097 in
613 1054 680 1098 rasa
691 1049 811 1098 stannea
823 1034 1014 1118 projiciebant
1026 1034 1265 1118 blasphemantes.
1277 1033 1375 1118 Neque

346 1137 390 1200 bis
404 1137 546 1210 conteuti,
562 1135 702 1219 publicari
713 1135 819 1218 jubent
837 1137 999 1200 sacerdotes
1013 1137 1104 1200 teneri
1120 1136 1230 1200 cultum
1243 1135 1374 1200 divinum

345 1240 502 1322 diligenter
515 1239 668 1302 celebrare.

385 1343 521 1405 Ecclesiis
543 1342 624 1404 omni
644 1341 768 1426 pretiosa
782 1341 974 1425 suppellectili
995 1340 1145 1425 spoliatis,
1168 1339 1332 1402 sacerdotes
1346 1340 1376 1402 in

345 1444 482 1508 calicibus
492 1445 636 1516 stanneis.
648 1444 684 1506 ab
697 1444 800 1507 abbate
811 1446 840 1508 S.
850 1444 1008 1508 saluatoris
1018 1443 1206 1514 consecratis,
1220 1442 1378 1526 perplures

344 1565 457 1608 meuses
471 1545 576 1608 missae
589 1545 764 1608 sacrificium
778 1545 958 1609 obtuleruut.

386 1651 425 1709 ld
438 1649 599 1710 decembris.
613 1645 748 1709 Patribus
762 1650 792 1708 B.
803 1649 841 1708 bl.
853 1646 1009 1727 virginiae
1024 1646 1198 1708 monasterio
1211 1665 1264 1707 suo
1278 1643 1378 1729 expul-

345 1751 397 1821 sis,
413 1770 512 1812 eorum
524 1749 642 1812 ecclesia
658 1749 838 1810 convertitur
849 1749 878 1810 in
898 1751 1041 1828 Ternpium
1056 1751 1205 1823 Rationis,
1216 1768 1290 1832 quae
1304 1765 1378 1810 nora

347 1850 451 1928 religio
465 1850 588 1912 solemni
600 1869 633 1912 ac
647 1850 788 1930 sacrilego
804 1851 861 1912 ritu
874 1849 927 1912 bac
940 1851 987 1912 die
996 1851 1138 1912 celebrata
1150 1850 1215 1912 luit.

387 1952 493 2014 Eadem
504 1953 550 2014 dic
560 1951 708 2036 plantatur
718 1955 817 2014 Arbor
831 1956 996 2031 Libertatis,
1008 1966 1037 2016 ct
1048 1954 1145 2036 imago
1155 1953 1341 2036 Imperatoris
1351 1966 1380 2016 et

347 2054 459 2118 Summi
475 2054 624 2116 Pontificis
638 2053 797 2136 ebrumque
812 2054 936 2136 insignia
949 2057 980 2116 in
995 2056 1058 2116 loro
1074 2055 1199 2118 llammis
1214 2055 1378 2117 truduntur.

389 2158 467 2218 1795
478 2158 524 2216 dic
534 2159 553 2217 8
563 2160 644 2218 mcii.
655 2158 750 2218 Norae
760 2155 910 2218 facultates
922 2177 937 2216 a
950 2156 1063 2218 Nunnio
1074 2155 1246 2238 apostolico,
1259 2158 1381 2220 Caesare

347 2256 545 2328 branceduno,
558 2256 674 2319 vicariis
688 2277 754 2337 gen.
767 2275 928 2320 concessae.
940 2291 978 2303 —
989 2267 1065 2318 Actu
1079 2261 1165 2336 episc.
1181 2259 1233 2338 fol.
1248 2277 1275 2318 u.
1289 2260 1340 2319 bl.

389 2362 483 2420 Menae
493 2371 622 2438 rupuato.
637 2358 831 2420 Prohibentnr
845 2377 860 2418 a
873 2357 1165 2440 Repraesentantibus
1179 2360 1334 2441 populum,
1350 2373 1381 2422 ut

347 2460 472 2534 aiebant,
484 2460 680 2544 processiones
694 2460 834 2544 publicae.
846 2461 955 2530 Omnes
967 2461 1054 2523 etiam
1066 2462 1194 2524 decimae
1205 2461 1381 2545 reipublicae

347 2561 542 2624 vindicantur.

389 2665 487 2727 Mense
500 2666 614 2726 octobri.
629 2663 797 2726 Publicntur
818 2664 965 2725 decretum
987 2663 1195 2726 Contentionis
1210 2664 1380 2738 nationalis,

349 2787 406 2850 quo
429 2765 560 2847 Belgicae
581 2765 744 2849 provinciae
767 2765 950 2830 declarantur
972 2767 1172 2848 incorporatae
1195 2764 1382 2849 Reipublicae

349 2865 521 2932 Gallicanae.
534 2868 586 2928 Vix
598 2867 813 2949 promulgatum
826 2878 888 2929 erat
899 2865 971 2929 illud
984 2865 1147 2938 decretum,
1161 2887 1252 2950 quum
1264 2866 1381 2929 ordina·

350 2979 412 3032 tun
428 2967 497 3040 fuit,
511 2981 543 3030 ut
556 2980 648 3030 status
664 2969 795 3031 omniurn
814 2967 957 3031 bonorum
972 2968 1230 3032 ecclesiasticorum
1245 2968 1281 3029 ad
1295 2971 1381 3032 Com·

350 3069 498 3132 missarios
514 3067 699 3152 Reipublicae
713 3070 882 3132 deferretur.

390 3175 431 3234 ii
458 3175 627 3234 novembris.
658 3173 756 3234 AEdes
782 3171 960 3254 episcopales
984 3182 1165 3255 occupantur
1191 3192 1207 3234 a
1236 3171 1380 3255 praelecto
1491 3183 1492 3204 ³

352 3276 562 3354 Depcrtnneuti
577 3273 727 3356 utriusque
740 3273 858 3336 Netbae.
997 3327 1000 3332 .
1491 3285 1492 3292 ’

392 3378 470 3438 tran
485 3379 531 3437 die
547 3380 583 3444 ib
596 3378 750 3456 februarii.
765 3374 861 3456 Exigit
871 3373 1050 3456 gnberniunr
1062 3373 1226 3456 catalogum
1241 3374 1311 3437 cleri
1322 3386 1380 3437 tam
1491 3393 1492 3453 f

351 3477 505 3540 saecularis
519 3497 605 3559 quarn
621 3477 762 3556 regularis
774 3476 864 3538 totius
880 3476 1051 3538 dioeceseos.
1490 3545 1491 3560 p

390 3582 429 3642 29
449 3581 573 3658 mundun
596 3582 709 3640 mensis
736 3582 835 3640 Denuo
857 3577 1017 3659 replantatn
1037 3576 1093 3638 luit
1113 3577 1142 3638 in
1167 3575 1262 3638 medio
1283 3577 1381 3656 magni
1490 3577 1491 3586 ’

352 3679 407 3741 lori
420 3681 518 3742 Arbor
529 3682 696 3751 Libertatis,
711 3693 740 3741 et
756 3680 785 3740 in
802 3681 947 3756 Templum
963 3680 1045 3759 Lepia
1060 3697 1230 3739 conuersum
1245 3677 1381 3739 sacellum

350 3781 438 3858 uulgo
459 3785 493 3842 dc
507 3783 678 3857 Huycctters
691 3784 784 3860 copel,
803 3779 852 3841 ubi
867 3779 985 3860 quidam
1001 3779 1120 3841 Carolus
1135 3777 1204 3840 dur
1219 3798 1381 3840 sermonem
1490 3769 1491 3786 ¹

350 3880 451 3942 babuit
465 3881 650 3963 blasphemiis
663 3881 692 3942 in
709 3881 879 3959 religionem
896 3879 1014 3963 ejusque
1028 3879 1178 3940 ministros
1195 3877 1323 3961 plenum.
1339 3878 1381 3940 nd

349 3981 400 4044 bas
421 3983 586 4065 similesque
606 3983 801 4045 caeremonias
825 3983 909 4065 pauci
931 3981 1048 4065 quidam
1069 3979 1155 4044 rebus
1169 3980 1252 4043 nuris
1273 3980 1381 4044 addicti
1489 3999 1490 4002 ¹
