2990 4918
212 648 246 706 ll
259 645 516 724 ¹ejttadematrectatu.
528 645 634 707 Vicarii
645 645 806 726 generalem,
816 646 845 706 ai
858 645 1004 709 facultatis
1015 644 1051 708 ab
1063 645 1201 730 episeopo

166 743 230 807 illis
249 765 401 808 concessae
422 749 503 825 (th.
524 767 632 825 auprc,
650 768 678 829 p.
696 749 781 826 lob),
800 759 858 808 tres
879 747 951 809 alios
971 747 1199 822 substituerunt,

166 845 284 907 scilieet
304 842 477 908 cathedralis
495 845 631 908 ecclesiae
651 839 823 908 canonicum
850 847 1200 919 Bambalassnili'elmum

164 947 309 1009 loannem
326 951 385 1008 Van
401 947 595 1028 Bombeagen,
611 947 766 1030 plebanum
781 948 872 1030 partis
885 947 1009 1010 borealia
1023 949 1094 1012 eccl.
1108 949 1200 1021 catii,

166 1059 202 1108 ct
213 1048 360 1129 Gasparoli
374 1049 502 1130 ejusdem
516 1050 585 1110 ecel.
598 1050 778 1115 'mannicum
792 1051 981 1128 graduatnm,
998 1052 1047 1132 qui
1062 1051 1201 1133 jurisdic-

168 1149 283 1210 tionem
299 1169 430 1212 exercere
444 1162 577 1232 poterant
591 1169 658 1212 casu
673 1169 730 1233 quo
746 1168 802 1212 noa
823 1151 948 1234 amplius
968 1170 1054 1234 quam
1074 1165 1201 1234 quatuor

166 1270 206 1310 ex
225 1262 307 1311 antea
327 1251 485 1312 nominatis
502 1251 617 1312 vicariis
634 1251 817 1331 generalibus
830 1253 1035 1334 repensentur,
1050 1255 1101 1338 qui
1115 1254 1200 1316 iunc-

166 1350 267 1411 tionea
280 1369 347 1412 snas
360 1351 475 1433 publico
489 1371 522 1412 ac
534 1351 624 1412 libera
637 1370 774 1434 peragere
789 1365 915 1434 possent.

214 1453 251 1512 t9
271 1453 394 1530 q'aadem
408 1458 525 1524 monta,
536 1453 728 1514 commissarii
742 1451 918 1533 reipublicae
927 1452 1104 1524 Gallicanae,
1116 1455 1203 1518 acdea

165 1551 345 1633 episcopales
355 1554 492 1634 ingressi,
506 1553 689 1614 declararunt
702 1555 941 1637 omniaepiscopi
952 1555 1029 1616 bona
1040 1554 1158 1617 mobilia
1171 1568 1200 1628 et

165 1652 331 1714 immobilia
346 1654 523 1735 reipublicae
534 1675 595 1716 esse
609 1654 771 1726 uindicata,
789 1653 982 1739 omnibusque
994 1657 1044 1738 qui
1059 1657 1090 1717 in
1106 1658 1198 1738 ipsius

164 1753 428 1826 seruitioiuerant,
439 1755 671 1833 demigrandum.
683 1757 780 1830 Quum
795 1775 863 1818 vero
879 1758 909 1818 in
925 1755 972 1819 lais
981 1757 1101 1820 aedibus
1115 1759 1201 1821 baba-

165 1867 271 1917 rentur
283 1855 365 1937 plura
382 1876 455 1939 qnae
466 1877 525 1919 non
541 1857 576 1918 ad
588 1857 755 1940 episcopum
776 1857 826 1919 sed
844 1857 880 1919 cd
896 1859 991 1920 sedem
1007 1859 1199 1942 episcopalem

163 1967 348 2038 spectarent,
362 1959 553 2020 commissarii
567 1958 682 2040 singula
696 1958 887 2032 adnotarunt,
902 1960 998 2042 sigillo
1012 1959 1200 2042 obsignantes

164 2077 298 2121 cameras
311 2079 327 2119 a
342 2059 408 2120 belli
420 2060 494 2122 duce
507 2059 551 2122 rel
566 2060 628 2141 ejus
642 2060 788 2122 officiariis
799 2081 858 2122 non
871 2075 1037 2144 *occupatas

211 2163 309 2223 Menae
325 2164 486 2240 septembri,
512 2163 714 2243 magistratus,
735 2162 860 2224 ailadis
876 2164 1067 2232 constitutus,
1083 2183 1199 2226 omnem

165 2261 324 2324 adhibebat
333 2283 462 2344 operam,
475 2276 507 2324 nt
522 2264 715 2345 compleretur
724 2263 903 2326 contributio
914 2265 1013 2326 decem
1025 2264 1199 2329 millionum

164 2364 291 2444 Singulo
305 2363 403 2446 itaque
416 2364 462 2426 die
476 2365 665 2447 capiebantur
679 2365 767 2448 aliqui
786 2365 901 2426 obsides
919 2385 935 2426 e
951 2364 1028 2426 clero
1043 2377 1071 2426 ct
1086 2386 1102 2426 o
1115 2366 1200 2427 nobi·

164 2464 291 2528 lioribua
304 2463 429 2536 civibus,
445 2477 475 2526 ct
489 2467 520 2526 in
534 2466 655 2527 Galliam
670 2465 909 2528 deturbabantnr.

210 2569 308 2629 Menae
321 2573 439 2640 octobri,
455 2569 620 2629 instituitur
632 2571 659 2631 Τ
655 2571 772 2631 ribanol
786 2572 1000 2642 criminalium,
1015 2581 1152 2632 constans
1166 2587 1200 2629 ea

165 2669 299 2752 praeside
318 2683 346 2730 et
367 2681 476 2752 septem
492 2669 654 2751 judicibus,
676 2670 726 2752 qui
748 2671 784 2732 de
803 2671 883 2731 omni
905 2671 1020 2732 actione
1033 2683 1062 2732 et
1078 2670 1200 2731 crimine

164 2770 232 2832 sine
245 2770 437 2852 appellatione
450 2770 630 2833 decidebant.
743 2813 744 2818 κ
767 2777 770 2780 ’

210 2874 287 2932 luter
303 2872 413 2952 priores
427 2873 585 2935 sententias
598 2893 669 2952 quaa
691 2873 761 2935 tulit
780 2873 923 2936 famosum
949 2872 1026 2935 istud
1052 2873 1197 2945 tribunal,

166 2987 341 3034 numeratur
359 2973 407 3034 illa
422 2993 496 3056 quae
509 2975 566 3035 lata
587 2987 630 3037 est
651 2977 681 3035 in
698 2977 836 3036 loannem
857 2973 1036 3035 Ludovionm
1056 2973 1197 3046 Marcelli,

168 3073 370 3156 presbyterum
385 3074 514 3148 Gallum,
532 3076 625 3159 capite
640 3077 808 3137 damnatum
815 3077 826 3146 ,⁴
837 3075 903 3158 quia
926 3095 942 3136 e
958 3073 1051 3140 Gallia
1064 3075 1199 3136 vitandae

165 3175 378 3258 persecutionis
398 3175 491 3254 gratia
514 3175 669 3260 effugerat,
694 3177 729 3238 ad
755 3189 889 3258 parentes
912 3176 1009 3237 exules
1031 3176 1197 3258 scripserat,

165 3289 197 3339 et
212 3277 375 3338 extorribus
385 3295 418 3338 ac
433 3278 532 3356 egenis
545 3278 742 3340 conterraneis
753 3297 837 3359 opem
850 3276 1021 3338 contuderat.

210 3377 357 3438 lnnumari
371 3377 458 3438 etiam
480 3378 557 3438 cives
573 3397 687 3440 carcere
703 3391 732 3440 et
755 3379 874 3440 mulctis
891 3376 1067 3458 pecuniariis
1088 3376 1124 3438 ab
1142 3377 1198 3439 isto

166 3477 307 3540 tribunali
325 3478 453 3540 damnati
469 3491 551 3549 sunt,
564 3480 632 3562 quia
646 3493 792 3542 monetam
808 3479 996 3562 reipublicae,
1016 3478 1104 3560 uulgo
1124 3485 1199 3542 usat-

163 3594 265 3662 paam
278 3580 405 3662 recipere
419 3581 581 3642 noluerant.

210 3687 225 3743 t
240 3685 411 3743 novembrio.
426 3682 611 3763 Magistratus
623 3681 659 3742 ab
670 3682 806 3746 omnibus
817 3683 908 3750 totius
921 3682 1060 3745 dioecesis
1073 3682 1196 3764 pastori-

165 3784 222 3845 bus
235 3783 375 3867 publicari
386 3782 474 3864 jussit
489 3784 671 3856 mandatum,
687 3805 744 3866 quo
754 3783 898 3865 jubentur
910 3786 1009 3846 omnia
1022 3803 1088 3845 rasa
1100 3803 1197 3855 sacra,

165 3885 230 3946 aino
240 3883 298 3946 ulla
309 3884 485 3964 exceptione,
496 3879 582 3946 auran
593 3895 773 3963 etargootaa,
784 3905 857 3964 quae
868 3885 897 3947 in
905 3885 1035 3947 ecclesiia
1045 3897 1074 3945 et
1085 3883 1197 3945 aaoeliia

165 3996 262 4056 erant,
278 3986 369 4047 immo
384 3985 518 4046 utensilia
535 4005 568 4046 aa
580 4005 650 4046 auro
662 3985 706 4046 ael
721 4000 842 4065 argento
860 4007 933 4070 qaae
949 3986 1025 4048 cirea
1038 3985 1197 4057 habebant,
