3012 4912
824 512 932 604 (34)

828 885 852 958 p.
873 884 917 942 ru.

628 1086 772 1148 Laeuinus
788 1086 968 1152 Torrentius,
984 1085 1017 1146 11
1028 1088 1111 1162 episc.

398 1289 489 1358 1586,
503 1305 595 1348 menes
604 1290 723 1358 mortio,
738 1285 879 1348 Laeuinus
893 1285 1075 1358 Torrentius,
1089 1287 1119 1347 S.
1133 1287 1165 1346 T.
1180 1287 1221 1356 L,
1238 1282 1381 1346 archidia-

358 1408 448 1450 conus
459 1386 630 1450 Brabantiae
640 1385 670 1448 in
681 1385 800 1449 eeclesia
810 1385 971 1458 Leodiensi,
985 1386 1098 1448 Ernesti
1116 1385 1227 1458 Bavari,
1242 1383 1384 1468 principis

356 1488 489 1550 electoris
502 1486 681 1549 Coloniensis
702 1498 730 1548 et
744 1487 871 1569 episcopi
887 1487 1069 1558 teodiensis,
1084 1485 1208 1548 vicarius
1226 1484 1383 1566 generalis,-

357 1590 402 1650 uir
415 1588 516 1650 multis
533 1587 626 1649 titulis
647 1586 838 1658 clarissimus,
856 1587 1025 1649 nominatur
1041 1586 1076 1649 ad
1095 1587 1292 1669 episcopatum
1310 1589 1383 1648 Ant·

357 1691 545 1774 verpiensem.
569 1691 600 1750 ln
624 1687 732 1761 literis,
752 1687 807 1750 hec
830 1688 866 1750 de
890 1707 921 1750 re
946 1689 982 1751 ad
1006 1687 1160 1750 electorem
1181 1687 1382 1749 coloniensem

360 1789 456 1853 Leodii
471 1787 546 1858 datis
561 1789 586 1849 V
599 1787 665 1849 idus
683 1787 751 1849 maii
771 1790 866 1859 1586,
881 1787 922 1849 ite
940 1786 1059 1850 scribit:
1078 1791 1167 1870 «Duo
1186 1798 1254 1849 sunt
1271 1807 1384 1848 menses

361 1919 372 1948 o
397 1888 474 1973 quod
493 1897 610 1970 repente
622 1886 705 1970 jussu
726 1888 803 1968 regis
823 1899 958 1950 euocatus
977 1887 1154 1960 Bruxellam,
1170 1899 1202 1952 ut
1220 1906 1236 1948 a
1251 1887 1383 1971 principe

360 2017 372 2047 o
397 1988 545 2053 Parmensi
564 1989 626 2071 ejus
646 1987 838 2070 intelligerem
859 1989 1054 2060 voluntatem,
1077 1988 1183 2052 evitare
1206 2007 1265 2050 uon
1286 1989 1384 2071 potui,

359 2117 374 2148 o
397 2090 469 2174 quin
490 2109 618 2172 parerem
623 2134 671 2150 .....
685 2091 776 2150 Causa
795 2089 947 2172 praecipue
969 2089 1129 2151 vocationis
1150 2088 1237 2171 huJus
1261 2087 1331 2162 luit,
1351 2101 1385 2150 ut

360 2219 371 2245 o
396 2190 571 2273 susciperem
593 2190 789 2271 episcopatum
813 2189 1060 2272 Antuerpiensem.
1082 2188 1135 2252 Cui
1159 2189 1293 2272 petitioni
1314 2209 1381 2252 cum

359 2318 372 2348 o
395 2293 446 2354 diu
461 2291 645 2364 restitissem,
660 2311 694 2352 eo
709 2291 823 2352 tandem
837 2291 940 2353 adduci
956 2312 1056 2374 passus
1069 2312 1133 2353 sum
1150 2303 1197 2363 ut,
1217 2291 1304 2352 certis
1317 2293 1383 2373 qui-

358 2421 372 2450 »
396 2392 516 2455 busdam
532 2392 687 2475 propositis
701 2391 931 2464 conditionibus,
943 2412 1024 2475 spem
1035 2391 1158 2454 lacerem
1170 2412 1216 2454 me
1226 2390 1383 2453 obsecutu-

360 2520 373 2550 o
397 2513 480 2578 rum,
492 2491 517 2555 si
529 2492 595 2554 illae
605 2491 840 2575 adimplerentur.
856 2495 965 2554 Harum
976 2504 1071 2554 autem
1085 2491 1177 2575 prima
1188 2503 1217 2553 et
1230 2491 1382 2575 praecipua

361 2620 372 2649 r
398 2606 457 2665 est,
476 2604 509 2655 ut
523 2592 708 2655 Celsitudinis
726 2593 792 2654 tuae
810 2613 966 2656 cousensus
984 2591 1176 2664 obtineretur3
1193 2613 1286 2674 neque
1303 2593 1382 2654 enim

361 2719 373 2749 n
397 2713 444 2755 me
463 2693 609 2756 discedere
626 2692 732 2756 rellee
755 2704 836 2755 tauto
856 2706 885 2755 et
905 2704 964 2755 tem
985 2692 1123 2755 benevolo
1143 2692 1174 2753 in
1192 2712 1238 2754 me
1252 2692 1384 2776 principe

359 2821 371 2852 e
396 2795 496 2858 invito.
512 2799 596 2858 Nunc
612 2807 709 2858 autem
723 2793 855 2876 intelligo
873 2795 926 2857 hec
941 2793 1002 2877 ipsa
1016 2794 1052 2857 de
1065 2814 1149 2856 causa
1165 2792 1242 2855 mitti
1257 2792 1292 2855 ad
1307 2792 1382 2855 Cels.

359 2920 372 2951 e
396 2907 476 2957 tuam
499 2894 598 2957 literas
619 2895 759 2978 principis
778 2894 954 2968 Parmensis,
977 2907 1006 2957 et
1026 2895 1147 2957 sortasse
1170 2893 1268 2956 eedem
1294 2892 1383 2954 dere

357 3022 370 3053 o
394 2995 502 3058 scribet
523 2995 610 3058 etiam
632 2995 740 3077 aliquid
765 2997 866 3058 never·
884 2998 966 3056 Dum.
988 2995 1130 3068 Nunnius,
1153 3007 1185 3056 ut
1209 3013 1382 3064 consensus,

359 3123 370 3152 o
395 3116 480 3178 quem
494 3095 569 3168 dixi,
584 3096 800 3178 impetmretur;
813 3115 898 3177 quem
912 3115 971 3158 non
985 3108 1147 3178 praestare,
1165 3115 1219 3175 ego
1239 3113 1308 3154 sane
1322 3109 1381 3156 non

359 3227 371 3255 o
395 3199 495 3282 iniquo
509 3198 607 3259 animo
622 3197 720 3259 feram.
736 3198 814 3260 Nihil
829 3197 906 3259 euim
919 3208 973 3269 est,
988 3198 1065 3279 quod
1080 3197 1186 3260 leodio
1201 3217 1247 3257 me
1260 3201 1382 3258 Antver·

359 3326 371 3356 o
396 3301 474 3382 piam
495 3309 610 3370 avocet,
631 3300 654 3360 si
676 3299 753 3360 uitae
775 3299 925 3361 commoda
951 3299 1101 3382 respiciam
1128 3311 1157 3360 et
1182 3312 1247 3381 post
1269 3297 1382 3359 labores

360 3426 372 3455 o
396 3399 537 3482 quietem;
554 3399 586 3460 in
605 3400 658 3460 hac
673 3401 841 3482 praesertim
860 3411 953 3463 aetate
972 3401 1032 3462 sola
1047 3400 1223 3463 conscientia
1238 3419 1283 3462 me
1302 3420 1382 3461 com-

358 3528 372 3559 »
397 3500 487 3584 pulit,
502 3512 535 3561 ut
551 3519 610 3562 non
624 3499 818 3564 dissentirem.
834 3504 917 3584 Rogo
931 3501 1048 3564 interim
1063 3502 1269 3566 celsitudinem
1285 3513 1384 3573 tuam,

359 3629 371 3659 o
396 3621 481 3686 quam
494 3623 610 3683 possum
621 3603 759 3676 maxime,
772 3616 804 3664 ut
820 3623 988 3686 responsum
1002 3625 1098 3667 meum
1112 3604 1146 3666 ad
1162 3604 1269 3685 Regiae
1281 3602 1383 3685 uajes-

356 3730 371 3762 »
396 3703 464 3764 tatis
483 3702 672 3777 desiderium,
692 3724 846 3787 meumque
866 3725 934 3787 erga
954 3725 984 3767 se
1004 3705 1132 3767 studium
1150 3724 1184 3766 ac
1202 3703 1379 3765 voluntatem

356 3832 370 3862 o
395 3804 464 3867 honi
482 3804 626 3879 consulat,
646 3804 799 3888 credatque
819 3827 879 3879 me,
900 3807 993 3888 quoad
1007 3806 1120 3878 uixero,
1141 3805 1316 3887 ubicumque
1335 3806 1380 3866 fu·

357 3933 371 3963 o
396 3921 479 3968 turus
492 3926 572 3978 sum,
588 3906 618 3968 iu
636 3926 687 3968 sua
702 3905 831 3968 futurum
846 3919 1001 3990 potestate,
1016 3927 1069 3970 nee
1083 3907 1169 3971 ollicii
1184 3927 1275 3988 genus
1289 3904 1380 3967 ullum

356 4035 370 4065 o
395 4009 569 4071 omissurum
584 4029 640 4091 quc
655 4008 710 4089 ipsi
725 4007 842 4091 obsequi
857 4022 886 4072 et
907 4009 1013 4071 servire
1031 4009 1169 4092 possim.»
1188 4011 1228 4069 Ex
1243 4007 1306 4071 cod.
1321 4008 1379 4068 uls.
