3034 4908
577 445 727 542 (111)

106 635 109 644 .
178 587 264 644 Anno
280 582 516 645 1556111111111
531 583 620 654 Beck,
635 581 971 664 abbasTongerloeusiS,
988 583 1073 645 titulo
1084 603 1164 667 emp-

138 682 229 745 tionis
248 681 388 745 coenobio
402 704 455 744 suo
475 684 627 766 acquisivit
645 704 662 746 a
682 682 816 767 Philippo
836 684 872 747 de
890 683 1033 756 Polauen,
1056 685 1164 757 milite,

137 785 316 867 praetorium
338 787 392 847 Ter·
410 786 492 856 Etat,
513 787 602 848 situm
618 785 648 848 in
662 785 778 848 dextera
792 786 901 866 Nethae
917 785 997 868 ripa,
1010 805 1077 847 cnm
1090 785 1165 868 juri·

138 884 193 948 bus
218 884 380 949 feudalibus
402 885 494 948 eidem
515 887 643 950 annexis.
665 887 765 950 Eidem
783 886 922 950 coenobio
942 885 1114 949 Guilielmus
1131 887 1167 948 de

138 987 261 1067 Brugis,
285 987 404 1070 capituli
428 988 534 1069 Lyreni
558 988 685 1052 decanus
706 993 735 1063 ¹,
759 999 945 1072 personatum
967 1009 1053 1050 suum
1074 988 1166 1050 ecole-

136 1088 197 1151 siae
211 1087 383 1171 parochialis
395 1090 425 1151 S.
439 1089 557 1152 Martini
572 1090 691 1154 donarit
709 1112 756 1153 an.
774 1094 865 1163 1105,
880 1090 1079 1152 consentiente
1091 1091 1167 1173 epis·

138 1208 212 1270 copo
236 1189 444 1251 cameracensi.
466 1191 529 1252 Hoc
551 1190 637 1252 modo
661 1190 755 1256 dictae
777 1189 914 1253 ecciesiae
938 1190 1054 1252 collatio
1080 1191 1166 1252 cessit

138 1288 236 1350 abbati
251 1289 468 1370 Tongerloensi.
483 1293 617 1353 Attamen
637 1290 738 1354 altaria
759 1295 791 1354 B.
807 1291 913 1353 Mariae
931 1293 964 1355 V.
979 1303 1008 1354 et
1021 1293 1070 1354 SS.
1084 1295 1166 1355 Joan.

139 1390 285 1471 Baptistae
312 1401 341 1452 et
370 1390 570 1472 Evangeiistee
596 1390 644 1454 die
669 1395 709 1453 10
734 1391 850 1473 augusti
879 1395 958 1455 troo
982 1391 1167 1474 incorporata

138 1489 258 1553 suerunt
284 1490 439 1557 seminario
466 1492 669 1576 antuerpiensi
697 1513 749 1577 per
775 1493 942 1577 episcopum
972 1491 1165 1576 Regineldum

137 1591 233 1656 Cools.

178 1696 265 1758 Anno
280 1695 357 1756 1657
372 1694 468 1777 coepit
486 1694 517 1756 in
538 1693 593 1758 hoc
611 1714 684 1778 pago
699 1694 776 1758 ultra
791 1693 930 1768 Nethnm,
952 1693 1000 1756 ubi
1015 1694 1166 1760 conditum

63 1802 67 1807 ’
138 1808 182 1855 est
201 1793 318 1875 elegans
335 1793 484 1867 sacellum,
506 1794 602 1858 cultus
623 1799 655 1857 B.
676 1797 782 1858 Mariae
799 1795 944 1878 Virginis,
966 1795 1050 1878 cujus
1071 1797 1167 1881 imago

138 1915 245 1976 magno
259 1895 358 1977 populi
372 1915 514 1957 concursu
530 1895 702 1958 celebratur.
716 1897 920 1978 Prodigiorum
935 1896 1086 1959 historiam
1103 1917 1167 1959 uer-

138 1997 243 2059 1111111
258 1997 394 2058 idiomate
405 1997 522 2079 scripsit
535 1996 686 2080 Philippus
701 1997 910 2070 Hoeswinckel‚
924 1998 1081 2060 canonicus
1091 2001 1166 2060 Tou-

137 2098 297 2180 gerloensis
312 2109 341 2160 et
354 2096 481 2161 Duffeiae
495 2109 601 2180 pastor.

500 2261 524 2310 9.
541 2260 683 2310 1111111111.
701 2259 727 2311 G.
745 2258 801 2310 tro.

178 2381 210 2439 11
231 2375 314 2442 Bulla
332 2376 470 2440 Limitum
489 2377 637 2442 Emmcteo
653 2375 760 2438 dicitur
774 2374 934 2441 suburbani
952 2376 1057 2460 Lyreui
1076 2395 1167 2459 pegus

137 2477 188 2561 qui
199 2480 228 2541 S.
240 2479 396 2546 Gummaro
410 2477 506 2542 natale
519 2478 614 2542 solum
626 2478 750 2550 exstitit,
762 2477 812 2540 ubi
823 2478 875 2558 (ait
887 2498 963 2540 anuo
980 2481 1056 2540 1651
1068 2478 1166 2542 wich-

136 2599 237 2651 mans,
247 2600 294 2661 op.
310 2579 358 2641 cit.
372 2600 400 2661 p.
416 2584 484 2658 185)
499 2580 657 2644 etiamnum
673 2580 777 2642 rudera
791 2599 825 2643 ac
839 2579 1026 2644 fundamenta
1038 2592 1167 2644 vetustae

137 2679 213 2742 arcis
225 2691 434 2751 monstrantur,
446 2700 532 2761 quam
548 2679 625 2741 idem
639 2679 684 2740 vir
697 2690 815 2741 sanctus
828 2679 982 2741 incoluisse
996 2680 1113 2742 dicitur.

178 2781 250 2862 Pagi
261 2783 394 2853 ecclesia,
413 2783 612 2864 nuperrimee
634 2779 829 2842 fundamentis
847 2781 993 2860 eleganter
1007 2781 1164 2843 admodum

136 2881 334 2954 reaedificata,
348 2895 504 2965 patronum
518 2881 604 2944 habet
616 2883 646 2944 S.
660 2883 860 2948 Gemmarum.
872 2881 941 2964 Ejus
955 2901 1055 2944 curam
1068 2894 1166 2964 pasto-

137 2982 228 3046 ralem
243 2983 314 3046 olim
328 2983 495 3047 conferebat
509 2983 668 3066 capitulum
683 2987 839 3067 Lyranum.

177 3087 262 3148 Juxta
285 3105 392 3168 pagum
413 3086 517 3148 visitur
539 3085 676 3148 sacelium
695 3085 788 3148 eidem
806 3096 907 3147 sancto
931 3085 1072 3158 dicatum,
1095 3103 1167 3148 con·

137 3197 283 3250 structum
302 3186 331 3248 iu
353 3186 403 3250 illo
424 3188 487 3270 ipso
506 3187 583 3259 loco,
606 3186 658 3250 ubi
679 3185 716 3250 ed
736 3187 886 3253 levandam
904 3187 983 3250 sitim
1004 3208 1166 3249 messorum

136 3291 165 3351 S.
179 3290 369 3351 Gemmarum
383 3290 512 3371 scipione
523 3288 631 3350 fontem
643 3289 783 3352 excitasse
797 3290 924 3352 tradunt.
940 3292 971 3352 11
987 3290 1063 3351 huuc
1073 3309 1167 3372 usque

138 3387 216 3451 diem
230 3388 350 3451 celebris
364 3401 406 3452 est
419 3389 470 3450 ilie
483 3393 560 3450 Fons
570 3389 603 3452 S.
621 3388 786 3452 Gummuri.

516 3553 554 3602 10.
573 3553 691 3604 Gnesrn.
709 3553 734 3604 G.
752 3551 793 3602 90,

179 3683 284 3741 Curam
306 3678 443 3742 ecciesiae
462 3681 491 3744 S.
517 3679 663 3743 Lamberti
687 3679 853 3744 conferebat
873 3680 1024 3763 episcopus
1044 3682 1167 3742 111111-

139 3801 257 3865 prensrs.

175 3946 185 3976 ¹
202 3947 261 4000 Vide
272 3961 357 4016 supra,
369 3965 392 4014 p.
406 3949 461 4000 167.
