2990 4918
589 469 740 565 (Ηό)

190 613 222 671 5⁰
241 606 321 671 Facit
345 604 428 690 pluro
451 604 545 687 legata
570 605 793 686 consanguineis
815 605 888 679 suis,
912 626 985 690 qnos
1008 606 1182 670 nominatim

145 710 300 794 exprimit,
315 709 386 770 item
400 707 512 789 lgnatio
530 708 627 770 Parioi
643 721 671 770 et
683 709 788 772 loanni
804 709 956 788 Brogoiet‚
970 708 1101 792 aliisque.

189 813 222 872 6ο
244 808 302 871 lllis
321 807 435 870 duobus
448 807 620 870 haeredibus
641 807 799 886 fiduciariis
814 806 956 890 injungit,
976 820 1009 870 ut
1023 809 1126 871 solutis
1147 808 1184 872 iis

144 931 223 996 quae
237 931 253 972 e
268 921 403 972 testatore
423 909 566 972 debentur
587 931 620 971 ex
632 909 746 992 justitia
761 911 804 973 vel
824 931 857 972 ex
872 909 1065 984 conscientia,
1084 931 1184 993 sump-

146 1013 229 1076 tibus
244 1012 369 1084 suneris‚
385 1025 459 1086 etc,
477 1012 618 1095 quidquid
635 1013 782 1075 residuum
804 1012 891 1075 luerit
904 1025 1025 1094 erogent
1038 1033 1072 1075 ac
1085 1012 1184 1075 distri·

145 1115 242 1178 buant
257 1114 340 1198 juxta
363 1116 453 1198 ipsius
473 1114 665 1188 voluntatem,
688 1115 724 1180 de
744 1136 800 1199 qua
824 1127 959 1178 oretenus
978 1116 1115 1178 certiores
1135 1137 1185 1178 eos

146 1217 232 1289 lecit,
252 1215 425 1299 pauperibus
444 1216 614 1298 praesertim
637 1217 822 1288 verecundis,
843 1217 963 1278 arbitrio
989 1205 1017 1278 et
1042 1217 1183 1278 electione

145 1318 319 1380 eorumdem
341 1317 465 1379 duorum
489 1317 733 1390 domesticorum,
759 1317 809 1400 qui
834 1317 1019 1400 postmodum
1042 1317 1183 1380 rationem

146 1418 271 1482 reddere
285 1418 432 1481 debebunt
445 1431 594 1499 gestorum
614 1439 734 1481 suorum
754 1418 882 1482 Adriano
900 1421 1011 1482 Oomen
1027 1432 1055 1481 et
1072 1420 1183 1501 lgnatio

145 1525 212 1604 Van
230 1521 305 1595 uns,
318 1520 426 1604 pastori
441 1521 587 1592 Bredano;
600 1541 649 1582 eos
663 1519 896 1582 tamenabsolvit
908 1519 943 1582 ab
958 1541 1045 1582 onere
1060 1519 1183 1583 faciendi

147 1622 359 1687 inventarium.

192 1731 223 1788 ’1ο
243 1728 375 1802 Quatuor
397 1723 555 1786 nominatis
576 1723 747 1786 haeredibus
772 1723 942 1799 induendis,
967 1725 1036 1788 item
1056 1724 1184 1788 Antonio

142 1831 280 1899 Oomen,
294 1826 343 1910 qui
359 1825 490 1888 testatori
506 1824 598 1886 luerat
612 1844 628 1886 a
643 1824 776 1897 secretis,
791 1836 821 1886 et
835 1825 946 1906 lgnatio
960 1828 1021 1887 Van
1037 1825 1114 1898 Gits,
1131 1845 1183 1907 pro

141 1927 351 2009 recognitione
370 1926 497 2006 gratuita
516 1925 621 2007 legavit
642 1924 756 2006 argenti
779 1926 879 1987 uncias
897 1925 991 2000 rnille,
1009 1927 1086 1988 inter
1106 1925 1184 2010 ipsos

144 2029 313 2113 aequaliter
324 2026 550 2091 distribuendas.

191 2131 238 2194 Sic
253 2129 354 2213 procul
376 2150 391 2192 a
415 2129 508 2212 patria
530 2128 606 2191 vitae
626 2149 744 2190 cursum
766 2127 922 2212 complevit
938 2129 1060 2190 antistes
1072 2128 1182 2210 dignis·

142 2235 255 2308 simus,
271 2232 371 2295 multis
385 2231 555 2315 perfunctus
565 2228 714 2293 laboribus
723 2228 867 2314 uariisque
882 2227 996 2291 casibus
1010 2241 1101 2292 actus.

600 2572 637 2645 ⁴5.
659 2569 719 2630 xx.

177 2763 344 2836 Vieoribtne
353 2816 361 2842 ‚
371 2773 503 2848 primum
518 2759 629 2831 absente
640 2780 666 2829 et
679 2770 778 2830 deinde
793 2779 906 2830 rnortuo
919 2773 1063 2848 episcopo,
1077 2791 1164 2851 nsque

425 2874 465 2933 cd
478 2875 658 2950 episcopatus
672 2875 910 2950 suppressionem.

194 3055 347 3140 Reliquum
362 3066 406 3117 est
421 3066 453 3116 ut
466 3052 673 3134 chronologico
688 3053 791 3116 ordine
806 3052 950 3116 indicetur
964 3054 1032 3138 quid
1046 3062 1174 3117 butrer-

146 3160 218 3244 piac
232 3160 262 3220 in
277 3155 505 3220 administranda
520 3155 643 3217 dioecesi
658 3175 673 3216 a
689 3155 806 3216 vicariis
815 3153 999 3234 generalibus
1011 3169 1125 3237 gestum
1141 3168 1185 3219 est

146 3285 168 3325 a
186 3281 282 3323 mense
294 3259 378 3342 junio
396 3261 487 3329 etat,
502 3277 559 3339 quo
573 3259 723 3338 episcopus
739 3277 858 3338 peregre
872 3256 951 3318 abire
967 3257 1079 3328 debuit,
1095 3279 1186 3340 usque

147 3363 190 3428 ad
204 3364 384 3446 episcopatus
398 3359 641 3442 suppressionem.

196 3469 273 3528 rtet
289 3467 336 3524 die
355 3463 465 3542 ajnttt.
487 3461 593 3523 Vicarii
612 3459 760 3540 generales
778 3459 909 3521 videntes
925 3460 1002 3542 quod
1020 3482 1052 3522 er
1073 3461 1185 3523 dioece-

147 3566 234 3630 sibus
250 3565 354 3628 rieinis
370 3563 455 3626 multi
474 3561 659 3626 ecclesiastici
681 3561 750 3643 quin
772 3573 800 3624 et
821 3573 950 3644 pastores
964 3563 1081 3644 quidam
1099 3564 1184 3626 dillu-

148 3679 270 3752 gerent,
285 3666 439 3728 ediderunt
453 3664 551 3726 literas
565 3663 670 3746 quibus
685 3676 840 3725 monentur
854 3685 887 3725 ac
902 3678 1043 3745 rogentur
1057 3678 1185 3748 pastores

149 3785 183 3834 et
208 3769 311 3854 reliqui
331 3787 431 3830 curam
448 3766 610 3828 animorum
631 3765 782 3836 babentes,
803 3779 836 3827 ut
858 3787 924 3828 erres
943 3767 998 3828 sibi
1017 3768 1186 3830 commissus

150 3871 295 3954 fugiendo
309 3890 367 3931 non
376 3869 527 3944 deserant.
536 3903 576 3916 -
589 3869 663 3930 Aeta
677 3872 761 3946 episc.
775 3869 827 3946 fol.
842 3872 888 3930 lb.

194 3975 370 4055 lbejusdcm
384 3975 497 4033 mensis.
516 3969 663 4030 Gallorum
685 3966 858 4030 exercitibus
877 3969 987 4032 civitati
1006 3971 1186 4033 imminenti-

1085 4115 1104 4174 8
