3012 4912
627 533 717 625 (5)

148 695 165 730 e
195 669 372 758 plenariam
389 669 487 739 semel
510 679 587 736 tune
603 669 749 738 omnium
765 677 967 756 peecatorum
984 686 1115 735 suorum
1132 666 1181 733 in·
1257 733 1260 738 ,

150 805 166 839 »
194 779 394 868 dulgentiam
415 789 447 849 et
474 779 696 848 remissionem
718 778 969 848 misericorditer
990 778 1023 845 in
1044 777 1182 845 Domino

152 913 168 948 n
195 888 425 970 concedimus;
453 888 675 976 praesentibus
705 897 776 976 post
803 887 1051 956 eelebratiouem
1078 886 1181 954 diotae

152 1023 168 1057 n
196 998 311 1086 synodi
327 997 461 1066 minime
475 997 631 1066 valituris.
643 997 799 1067 Volumus
814 1008 938 1078 autem,
956 1006 990 1064 ut
1006 997 1032 1065 si
1048 1016 1105 1085 pro
1120 995 1179 1064 im-

151 1131 168 1166 »
197 1106 390 1194 petratioue,
403 1107 676 1195 praesentatione,
689 1106 883 1176 admissione
897 1126 951 1175 seu
965 1095 1181 1194 publicatione

153 1241 169 1276 ι
198 1214 414 1302 praesentium
439 1214 560 1302 aliquid
585 1215 635 1283 vel
664 1215 836 1282 minimum
862 1215 965 1294 detur,
987 1225 1043 1281 aut
1068 1225 1182 1302 sponte

153 1349 169 1385 ›
196 1322 343 1392 oblatum
354 1323 536 1412 recipiatur,
546 1335 729 1411 praesentes
737 1324 845 1391 nullae
854 1323 930 1391 sint.
939 1324 1183 1391 DatumRomae

153 1457 170 1493 a
196 1431 281 1519 apud
306 1431 338 1499 S.
360 1431 572 1499 Petrumvsub
594 1432 714 1499 annulo
733 1430 906 1498 Piscatoris
925 1430 977 1498 die
997 1433 1040 1497 11
1060 1429 1182 1498 februa-

153 1565 170 1601 »
197 1541 237 1606 rii
255 1541 357 1620 1785,
375 1539 580 1628 pontificatus
596 1539 699 1607 nostri
716 1557 803 1606 anno
818 1537 954 1606 decimo.
973 1562 989 1600 »

145 1647 151 1658 '
196 1649 354 1736 Tempora
368 1648 424 1715 illa
440 1647 630 1716 difficillima
646 1647 793 1736 iniquae,
809 1647 948 1736 primum
965 1647 1025 1714 sub
1044 1646 1180 1735 impera-

149 1768 225 1825 tore
248 1757 385 1846 Josepho
404 1759 434 1825 ll
456 1770 487 1826 et
508 1757 625 1826 deiude
645 1758 704 1825 sub
729 1757 895 1825 Gallorum
911 1757 1096 1838 dominatu,
1116 1757 1182 1844 epi·

150 1876 303 1956 scopetus
318 1865 459 1936 Cornelii
482 1866 644 1934 Francisei
661 1866 700 1934 de
716 1865 804 1935 Nelis
820 1865 954 1947 incidit,
969 1866 1180 1946 obstiterunt,

151 1977 328 2066 quominus
340 1978 512 2046 eonsilium
529 1977 652 2067 pridem
664 1987 846 2065 susceptum
861 1979 1036 2066 perliceret.
1050 1973 1180 2044 Praesul

153 2086 377 2169 doctissimus,
397 2086 493 2154 variis
517 2085 714 2173 diversisque
740 2085 867 2154 casibus
893 2095 999 2166 aetus,
1027 2083 1121 2153 Senis
1145 2084 1179 2150 in

154 2195 307 2264 lletruria
323 2196 406 2264 ritae
420 2217 458 2264 ao
473 2195 620 2265 laborum
636 2196 734 2264 finem
751 2195 827 2264 seoit
845 2195 916 2264 exul
934 2193 987 2263 die
1001 2198 1041 2261 21
1062 2193 1181 2261 mensis

152 2305 280 2393 augusti
297 2324 349 2373 an.
367 2307 465 2372 t798.
