2978 4916
814 492 967 590 (too)

376 653 421 694 ses
434 643 463 694 et
476 632 587 714 aliquot
606 651 710 693 census
728 629 854 712 siliginis
870 650 917 693 an.
937 633 1015 694 4455
1032 628 1191 692 liberaliter
1208 631 1400 693 contulerunt.

377 737 483 796 Verum
499 732 583 815 cujus
598 732 709 794 ordinis
732 752 781 794 seu
803 731 930 794 instituti
945 730 1078 801 luerunt,
1092 732 1142 813 qui
1161 731 1249 814 primi
1269 731 1305 794 ad
1328 733 1401 794 inco·

378 833 496 898 lendum
522 832 600 895 bunc
623 833 719 895 locum
736 832 837 895 uocati
861 843 945 904 sunt,
966 831 1132 914 inquiritur.
1154 832 1282 895 Clericus
1303 833 1400 904 luisse,

378 935 539 1016 ,vulgariter
559 935 653 996 dictos
677 935 780 996 iratres
808 935 1049 1016 Hieronymianos
1072 933 1197 1013 legimus
1217 933 1249 1008 iu
1279 933 1401 996 Historia

381 1037 566 1121 episcopatus
579 1040 728 1118 Antverp„
738 1056 831 1118 neque
845 1035 926 1118 prius
937 1035 1038 1098 iisdem
1047 1034 1220 1098 substitutos
1229 1055 1294 1098 esse
1303 1037 1401 1100 Cister-

383 1137 494 1200 cienses
517 1157 602 1220 quarn
625 1137 770 1199 dictorum
790 1135 912 1199 fratrum
935 1137 1015 1219 prior
1033 1157 1082 1200 seu
1104 1149 1199 1200 rector
1221 1138 1352 1200 Andreas
1371 1138 1402 1200 do

379 1221 508 1320 lilborgh
523 1237 656 1302 sacerdos
671 1250 803 1301 mortuus
816 1250 860 1300 est
870 1257 917 1300 au.
930 1240 1010 1300 4444
1021 1237 1068 1300 die
1078 1239 1107 1301 S.
1119 1237 1277 1301 Lamborti.
1292 1242 1329 1302 Et
1343 1240 1402 1320 qui·

379 1340 727 1404 dem‘bancsententiam
742 1341 834 1402 secuti
851 1340 996 1414 videntur,
1013 1341 1062 1423 qui
1083 1341 1140 1403 loci
1160 1339 1360 1404 laudationem
1374 1341 1400 1403 itt

379 1463 487 1506 anuum
511 1445 589 1505 1446
602 1446 647 1504 oet
663 1445 738 1505 tttt
762 1441 913 1513 differunt,
933 1463 1006 1526 qnos
1018 1442 1063 1504 vel
1078 1437 1198 1518 excusat
1211 1443 1358 1506 Sunderus
1370 1442 1402 1504 ad

379 1555 505 1606 mentem
525 1543 678 1626 mogelini,
699 1544 780 1627 quasi
801 1544 878 1627 quod
898 1545 981 1606 aiunt
1001 1545 1036 1606 de
1057 1542 1227 1607 fundatione
1242 1544 1402 1626 intelligen-

378 1627 447 1706 dum
463 1645 502 1706 sit
522 1645 558 1708 do
573 1644 705 1707 coenobii
724 1644 901 1726 perfectione
920 1644 1020 1724 (tradit
1035 1658 1132 1734 autem
1148 1645 1325 1726 iongelinus
1343 1645 1403 1708 lutt-

379 1745 443 1808 dari
465 1758 599 1828 coeptum
614 1765 661 1808 an.
677 1749 755 1808 4455
769 1757 799 1807 et
814 1745 978 1828 absolutum
995 1745 1248 1824 tempranen
1262 1745 1402 1808 Sandarus
1486 1739 1487 1750 ’

380 1867 438 1911 una
449 1846 875 1929 tripliciteloconligitomncs.
889 1846 1017 1908 Primum
1028 1858 1072 1908 est
1083 1846 1264 1930 pontificium
1281 1846 1402 1930 diploma
1486 1845 1487 1918 ζ

380 1949 503 2030 Eugenii
516 1951 562 2021 tv,
575 1948 881 2031 fundatorisprecibus
892 1949 991 2015 datttm
1003 1967 1050 2010 att.
1066 1952 1156 2019 ttae,
1168 1952 1188 2010 4
1202 1948 1257 2010 cal.
1268 1949 1402 2032 septemb.
1486 1947 1487 2026 j

380 2049 565 2133 pontilicatus
575 2071 653 2113 anno
663 2054 697 2123 2,
710 2049 785 2133 quod
797 2071 848 2133 per
858 2048 956 2112 literas
968 2045 1141 2132 apostoliens
1151 2039 1317 2114 executioni
1330 2049 1404 2114 man·
1486 2055 1487 2134 l

382 2153 482 2215 datum
497 2173 575 2215 anno
586 2163 722 2236 sequente
728 2152 839 2234 legitur
850 2172 900 2235 pet·
910 2151 1060 2224 officialem
1074 2153 1260 2215 leodiensem
1274 2137 1403 2216 crimmis·
1485 2191 1487 2232 t

379 2254 487 2327 sarium
507 2254 536 2316 in
558 2253 611 2316 hac
632 2265 715 2334 parte
732 2273 749 2314 a
767 2253 840 2315 Sede
861 2253 1025 2336 Apostolica
1044 2253 1207 2336 specialiter
1228 2254 1402 2338 deputatum.

379 2355 544 2416 Secundum
562 2366 605 2416 est
619 2353 705 2436 hujus
727 2354 894 2416 monosterii
916 2353 952 2416 ad
973 2353 1105 2426 ordinem
1125 2355 1345 2418 Cisterciensem
1360 2377 1408 2418 ac«
1486 2411 1487 2420 2

269 2495 271 2502 ,
380 2457 487 2528 cessio,
502 2455 685 2538 approbatio,
701 2455 883 2518 confirmatio
897 2469 926 2518 et
945 2456 1171 2518 communicatio
1189 2457 1401 2540 privilegiorum

383 2558 459 2620 lacta
479 2577 532 2641 per
547 2556 733 2620 Guilielmunt
753 2560 824 2637 (Iope
836 2560 991 2636 loannem)
1014 2558 1145 2621 Cistercii
1165 2558 1299 2622 abbatem
1322 2581 1402 2642 gene·

381 2661 469 2722 nalem
489 2679 536 2721 an.
555 2663 647 2732 4455,
667 2663 685 2723 'i
706 2659 760 2721 cal.
784 2659 913 2722 decemb.
938 2660 1067 2721 Tertium
1088 2660 1212 2743 denique
1233 2681 1292 2723 non
1315 2662 1403 2723 minus
1485 2643 1486 2682 ³

379 2761 520 2832 ualidum,
546 2780 710 2844 quanquam
739 2760 947 2832 novissimum,
975 2760 1201 2822 instrumentum
1228 2745 1274 2823 est
1298 2761 1402 2824 Claudii
1485 2843 1486 2848 ἵ

380 2863 502 2925 Vaussiu
518 2861 630 2924 abbatis
647 2861 860 2936 cisterciensis,
872 2881 930 2944 quo
945 2861 1151 2922 monasterium
1166 2863 1195 2923 S.
1209 2861 1364 2924 Salvator-is
1375 2862 1401 2924 itt
1484 2867 1485 2872 ’

380 2963 525 3026 abbatiam
536 2961 623 3041 erigit
634 2981 681 3024 au.
693 2961 780 3025 l652.
794 2962 890 3040 Qum
903 2966 1002 3043 letter,
1015 2960 1121 3043 inquit,
1131 2965 1287 3040 prioratus
1300 2964 1332 3026 S.
1342 2964 1403 3026 Sol-

380 3070 491 3128 ootort‘s
497 3066 627 3144 praefati
636 3067 748 3126 ordinis
758 3067 851 3126 nostri
861 3067 892 3125 in
902 3064 1175 3143 ortenntveptemt
1184 3066 1324 3144 fundatus
1334 3063 1403 3128 ortuo

336 3183 338 3190 ⁴
381 3169 499 3230 Domini
513 3167 592 3228 4455
605 3185 624 3225 a
637 3185 770 3247 perteroso
780 3169 850 3243 piae
862 3167 1015 3226 memoriae
1025 3167 1140 3225 murino
1154 3164 1243 3227 Petro
1256 3167 1312 3229 Pot
1322 3171 1403 3248 equite
1484 3187 1485 3190 ’

381 3280 500 3338 ouroto,
512 3269 551 3328 od
562 3270 630 3328 ltoec
639 3285 726 3346 usque
736 3276 864 3344 temporo
875 3269 926 3326 tub
937 3264 1068 3346 reputari
1078 3268 1307 3329 nostriinstituti
1316 3270 1402 3329 obser·

381 3374 482 3431 uontio
490 3371 694 3447 permanserit,
703 3377 752 3428 etc.
766 3369 788 3427 ¹.

422 3473 573 3531 Caeterum
595 3468 659 3550 pius
678 3465 823 3554 fundator,
842 3478 1050 3539 annuentem
1073 3467 1213 3541 diximus,
1229 3469 1358 3550 Eugenio
1371 3469 1402 3529 tv

382 3589 470 3651 papa,
486 3569 599 3630 necnon
619 3567 753 3650 Philippo
772 3571 853 3629 Bono
875 3567 1059 3648 burgundias
1079 3588 1113 3630 ac
1126 3568 1401 3650 'Brabautiaeduoe
1483 3565 1484 3568 ’

382 3667 486 3730 accivit
511 3679 577 3730 octo
605 3666 761 3729 monachos
784 3678 813 3729 et
840 3678 963 3750 quatuor
987 3687 1139 3750 conuersos
1163 3689 1197 3730 ex
1223 3671 1351 3752 prioratu
1373 3673 1401 3730 B.
1481 3721 1483 3728 .

419 3901 428 3932 ¹
446 3901 494 3954 Cle.
507 3901 590 3954 Mirari
599 3903 712 3968 Dr'ptorn¹
725 3903 797 3967 Betp.
804 3939 813 3968 ‚
824 3910 882 3953 tom.
895 3904 951 3970 l,p.
963 3903 1024 3971 0503
1033 3902 1184 3970 vienensem,
1194 3913 1253 3957 tom.
1266 3907 1332 3974 ll,p.
1344 3905 1400 3970 att,

384 3996 408 4039 et
418 3998 475 4039 tom.
488 3989 519 4040 tt
525 4027 531 4054 ,
543 4004 567 4053 p.
578 3990 670 4055 ibim
680 3989 779 4039 Sandcri
794 3990 872 4042 Brob.
883 3990 977 4041 illustr.
989 3990 1066 4040 tomi
1073 4025 1079 4055 ‚
1090 4005 1114 4060 p.
1127 3990 1183 4046 tot.
