2978 4916
847 479 919 552 258
945 482 958 576 l

364 635 422 697 quo
439 615 531 676 eidam
546 615 789 698 quemadmodum
810 486 840 678 lt
854 617 989 700 hospitali
1006 618 1221 696 Bergizomensi
1237 617 1321 681 donat
1332 631 1380 681 tres

365 717 454 780 libras
468 720 661 784 lovanienses
673 724 697 780 ¹.

404 823 435 881 6.
456 819 614 902 Hospitalis
630 821 859 902 Bergizomensis
876 822 1035 904 antiquitas
1051 835 1129 904 patet
1146 843 1181 885 ex
1198 824 1286 885 citato
1306 834 1379 884 testa-

366 931 464 980 mento
478 919 627 982 Godelridi
643 923 679 982 lll
694 924 852 1002 Bergarum
867 941 982 1004 quoquc
995 921 1119 984 domini.

724 1121 761 1158 ιι.
781 1105 884 1160 Ninus
903 1121 1025 1160 sonoras.

407 1246 435 1302 l.
456 1244 530 1303 Vero
545 1241 640 1303 simile
654 1253 697 1303 est
708 1261 821 1304 sorores
834 1243 964 1315 Cellius,
977 1263 1050 1325 quae
1061 1243 1147 1306 hodie
1156 1243 1281 1306 Sorores
1293 1249 1380 1324 alprat

366 1341 505 1402 dicuutur
519 1341 619 1402 eodem
634 1342 741 1404 saeculi
751 1345 813 1404 XlV
824 1342 910 1404 initio
924 1345 1066 1426 coepisse,
1077 1363 1134 1426 quo
1146 1349 1268 1407 Fratres
1278 1345 1381 1408 Gallitae

364 1461 415 1503 seu
430 1443 568 1503 Alexione·
581 1443 769 1524 Antverpiam
783 1442 992 1514 adventarunt3
1012 1455 1095 1504 crant
1109 1443 1186 1504 enim
1205 1443 1330 1527 ejusdem
1342 1443 1381 1503 iu-

364 1541 475 1614 stituti,
487 1553 516 1603 et
530 1542 606 1604 sicut
622 1543 740 1606 Celticae
750 1543 820 1604 dicti
835 1554 904 1604 sunt
914 1543 1140 1606 Mate-Maraeu
1151 1542 1222 1623 (sive
1232 1563 1248 1605 a
1259 1542 1382 1606 societate

365 1641 395 1703 in
411 1662 467 1725 qua
481 1643 598 1705 vinculo
613 1642 762 1705 charitatis
776 1643 852 1705 uniti
871 1655 967 1715 erant,
983 1645 1043 1706 sive
1057 1664 1072 1704 a
1087 1645 1266 1726 parcimonia
1280 1645 1382 1728 vitaque

365 1744 513 1807 moderate
521 1745 676 1823 instituta),
685 1746 727 1806 sic
737 1746 790 1806 hae
801 1765 914 1807 sorores
924 1745 994 1807 olim
1004 1745 1382 1826 dicebanturMute-Wpoca.

365 1846 453 1908 lnitio
467 1845 641 1928 ilntverpiao
655 1865 714 1907 nou
729 1845 874 1908 habehant
888 1847 976 1908 lixum
991 1847 1189 1920 domicilium,
1208 1847 1260 1910 sed
1278 1847 1313 1909 ab
1333 1867 1383 1908 una

363 1946 399 2007 ad
412 1946 497 2008 aliam
507 1947 652 2008 civitatem
667 1959 782 2017 euntes,
793 1946 970 2028 quaerebant
983 1949 1231 2032 opportunitatem
1245 1945 1385 2010 exercendi

264 2093 275 2119 ,
363 2067 450 2130 opera
468 2046 623 2110 charitatis·
634 2047 770 2110 instituto
789 2067 841 2109 suo
861 2049 977 2130 propria
991 2051 1015 2110 ².
1035 2050 1178 2112 llenricus
1198 2049 1385 2131 Znyderman‚

363 2161 508 2212 mercator
528 2151 689 2212 Germanus
704 2151 727 2221 ⁵,
742 2149 797 2211 hoc
816 2150 984 2211 institutum
999 2170 1168 2232 promovere
1184 2151 1299 2222 volens,
1316 2169 1385 2212 anno

364 2253 459 2323 tam,
480 2251 521 2311 cis
542 2250 701 2331 assignavit
723 2249 842 2312 domum
860 2271 943 2312 suam
964 2251 1049 2312 sitam
1065 2263 1144 2313 extra
1158 2263 1275 2334 portam
1289 2256 1387 2316 Vacca-

363 2370 439 2411 rum.
453 2351 502 2412 Sic
516 2361 613 2416 autem
634 2369 696 2417 eam
718 2350 837 2412 domum
855 2350 999 2425 fundavit,
1021 2363 1054 2413 ut
1074 2351 1104 2413 in
1119 2373 1153 2414 ea
1171 2373 1285 2415 sorores
1305 2353 1387 2414 lixum

362 2449 543 2510 domicilium
555 2449 710 2523 habereut,
725 2451 794 2513 etin
809 2471 842 2512 ea
854 2472 968 2536 quoque
980 2453 1178 2536 reciperentur
1191 2473 1306 2516 sorores
1318 2454 1389 2537 ejus-

363 2547 430 2610 dcm
449 2548 578 2610 instituti
594 2562 695 2612 euntes
711 2562 740 2612 et
756 2551 922 2623 redeuutes,
937 2573 972 2613 cx
985 2572 1166 2636 quacumque
1180 2555 1301 2636 regione
1313 2553 1387 2616 veni·

363 2661 442 2722 rent,
458 2649 544 2711 modo
560 2657 656 2712 es'sent
669 2651 762 2713 bonae
777 2653 854 2714 vitae
868 2671 902 2714 ac
920 2653 1012 2714 famae
1027 2657 1051 2715 ⁴.
1065 2655 1250 2717 assentiente
1262 2655 1340 2718 lulio
1353 2657 1389 2727 ll,

361 2770 439 2812 anno
461 2755 541 2814 tuot
562 2751 690 2832 regulam
711 2755 739 2814 S.
764 2753 920 2832 Augustini
943 2753 1087 2835 professae
1107 2768 1186 2818 sunt.
1208 2759 1295 2818 Auno
1316 2757 1390 2818 tato

362 2871 470 2913 novum
492 2851 614 2914 landum
633 2865 767 2914 emerunt
788 2865 817 2914 et
836 2854 867 2914 in
886 2874 920 2915 eo
940 2867 1140 2918 constructum
1162 2869 1206 2918 est
1219 2856 1390 2919 coenobium

315 2964 317 2969 ·
361 2950 439 3037 quod
453 2953 540 3015 Mons
555 2954 714 3015 Calcatum
727 2953 843 3016 (licitur.

402 3056 433 3114 2.
451 3056 596 3114 lncertum
611 3066 655 3116 est
669 3075 796 3138 quonam
813 3067 942 3138 tempore
960 3057 1067 3138 Nigrae
1081 3059 1202 3121 Sorores
1222 3063 1328 3140 Lyram
1343 3059 1392 3121 ad·

363 3157 506 3218 venerint.
526 3161 581 3218 Au.
606 3161 684 3220 ll5l
701 3160 911 3220 monasterinm
932 3159 1077 3222 habebant
1096 3160 1127 3221 in
1151 3162 1245 3243 platea
1265 3162 1345 3224 dicta
1360 3163 1394 3224 tle
1457 3217 1462 3242 ,

362 3257 565 3320 Prooststraet.
573 3259 681 3320 Eodem
694 3259 965 3338 annomagistratns
976 3281 1028 3342 pro
1039 3260 1080 3322 cis
1090 3262 1161 3322 emit
1170 3261 1394 3344 domumquam

361 3358 511 3442 hucusque
524 3358 704 3431 inhabitant,
720 3379 785 3421 cum
802 3359 901 3423 lundis
917 3361 1064 3442 contiguis
1082 3381 1159 3423 anno
1175 3365 1255 3426 Ι1600
1266 3383 1320 3446 per
1333 3385 1395 3426 ees·

358 3535 370 3560 ⁸
395 3540 402 3568 ¹
422 3545 506 3593 Exstat
522 3544 586 3606 apud
599 3545 650 3592 Van
666 3545 738 3608 Goor,
752 3545 932 3608 Besetrpvmp
948 3547 1065 3596 dorstad
1079 3561 1112 3596 en
1126 3547 1204 3597 lande
1220 3561 1276 3596 von
1289 3549 1395 3614 Bredn,

361 3644 384 3692 p.
398 3629 455 3679 tto.
1362 3641 1366 3646 ’

394 3716 404 3746 ¹
421 3714 480 3765 Vide
490 3713 641 3781 Diercxsens,
651 3721 667 3765 t.
678 3717 712 3782 ll,
724 3731 748 3779 p.
760 3719 783 3768 l.

394 3802 405 3831 ⁸
421 3801 478 3866 Ejus
496 3813 519 3851 ct
531 3800 614 3852 uxoris
623 3801 698 3866 ipsius
707 3803 801 3869 effigies
812 3812 891 3855 exstat
909 3805 987 3856 adhuc
1002 3806 1066 3870 apud
1081 3805 1170 3872 Nigrae
1184 3820 1281 3856 sorores
1293 3810 1398 3859 notuer-

361 3903 461 3952 premes.

394 3979 404 4008 ⁴
421 3973 518 4042 Opcit.
531 3981 589 4024 tom.
602 3977 637 4041 ll,
649 3991 672 4039 p.
685 3976 724 4025 9⁰.
